4638 5644
1110 231 1165 312 33

204 485 395 572 postularet,
429 491 514 550 recte
547 484 679 551 monuit
698 485 841 550 Bunaen.
877 485 898 548 l.
924 508 950 550 c.
984 507 1055 572 pag.
1082 486 1134 549 92.
1193 483 1331 571 Sponsio
1363 437 1471 550 autein
1499 480 1676 548 hereditate
1702 481 1770 568 jam
1798 481 1981 568 adjudicata·
2009 483 2070 550 soli

205 607 335 695 petitori
359 607 547 696 deponenda
569 613 646 686 erat,
669 631 776 694 quam,
801 608 829 672 si
852 631 995 674 caussam
1021 607 1191 685 obtinebat,
1216 607 1397 694 recipiebat,
1427 605 1454 670 ri
1478 606 1618 684 cadebat,
1643 603 1757 672 victori
1781 605 1920 670 cedebat.
2023 613 2026 622 ’

366 748 482 816 Verbis
505 751 567 817 ἐάν
582 751 619 816 δὲ
637 751 682 837 μή
702 753 740 847 ζῇ
763 733 863 813 altera
885 748 966 834 legis
989 749 1205 835 paragraphus
1228 747 1349 833 incipit,
1374 769 1465 831 quae,
1490 746 1646 831 quomodo
1665 747 1736 831 lege
1754 746 1914 814 hereditas
1932 749 2070 834 petenda

207 870 268 950 sit,
303 872 396 937 docet
423 893 461 937 eo
490 871 620 936 interim
647 877 793 950 mortuo,
829 871 884 956 qui
910 872 946 935 in
976 876 1166 958 potestatem
1194 870 1380 934 hereditatis
1407 876 1548 936 venerat.
1607 869 1691 933 Tum
1718 859 1804 934 enim
1833 870 1944 935 eodem
1973 873 2069 938 modo

206 999 318 1059 contra
339 993 471 1060 heredes
494 993 592 1073 illius,
625 995 665 1060 ad
688 1017 782 1079 quem
804 996 887 1060 bona
909 1000 1130 1081 pervenerant,
1160 993 1375 1058 controversia
1396 991 1519 1058 moveri
1541 997 1679 1080 poterat,
1712 1014 1774 1077 quo
1798 997 1908 1058 contre
1929 993 2070 1081 primum

206 1117 367 1182 heredem.
415 1115 572 1182 Attamen
596 1141 668 1183 curn
698 1119 789 1182 heres
820 1117 941 1204 primus
969 1117 1073 1203 quoad
1103 1117 1226 1182 vireret
1255 1115 1363 1202 injus
1386 1115 1493 1180 vocari
1515 1121 1634 1202 posset,
1664 1121 1775 1180 co'ntra
1796 1113 1897 1201 ipsius
1920 1118 2069 1183 heredem

206 1240 247 1304 ab
274 1261 311 1303 eo
341 1241 425 1320 solo,
462 1240 514 1305 cui
536 1240 740 1327 praefinitum
762 1247 888 1327 tempus
911 1241 1054 1305 nondum
1078 1240 1171 1318 abiit,
1206 1237 1319 1327 petitio
1346 1238 1472 1304 institui
1494 1243 1627 1325 poterat.
1686 1238 1827 1326 Tempus
1850 1243 1957 1305 autem
1987 1240 2070 1308 illud

206 1360 291 1427 intra
320 1363 461 1448 quinque
489 1385 589 1428 annos
618 1370 692 1450 post
720 1369 856 1429 mortem
885 1363 983 1451 primi
1011 1363 1137 1428 heredis
1168 1361 1335 1428 definitum
1365 1360 1463 1427 fuisse
1493 1385 1532 1426 ex
1561 1362 1643 1426 Isae.
1673 1368 1751 1427 orat.
1776 1363 1833 1427 HI
1866 1367 1886 1443 ξ
1912 1365 1955 1428 58
1987 1368 2069 1430 coni·

206 1484 394 1570 perimus¹).
430 1525 473 1534 -
509 1485 661 1552 Ceterum
689 1486 786 1552 etiam
806 1488 895 1552 hanc
921 1487 1026 1572 legem
1052 1509 1118 1550 non
1141 1507 1209 1550 esse
1235 1486 1392 1571 integram
1415 1501 1537 1550 censeo.
1578 1483 1682 1549 'Nam
1705 1507 1778 1550 cum
1804 1485 1839 1550 in
1862 1486 1966 1573 priore
1989 1488 2069 1575 legis

206 1612 296 1692 parte
325 1609 364 1672 de
393 1608 579 1675 hereditatis
607 1616 640 1674 et
668 1609 753 1674 filiae
780 1609 990 1674 hereditariae
1017 1608 1171 1696 petitione
1197 1609 1426 1696 praecipiatur,
1461 1607 1495 1672 in
1517 1607 1692 1694 posteriore
1715 1609 1808 1674 modo
1832 1609 1871 1674 de
1893 1609 2069 1679 hereditate

207 1730 321 1814 agitur.
378 1731 556 1820 Praecepta
577 1739 685 1798 autem
709 1732 748 1797 de
771 1732 839 1797 filia
860 1731 1068 1811 hereditaria,
1104 1731 1189 1817 quod
1213 1731 1328 1796 attinet
1351 1731 1390 1796 ad
1416 1739 1642 1822 προθεσμίαν,
1679 1730 1743 1796 ali'a
1769 1753 1805 1796 ac
1828 1732 1867 1797 de
1894 1733 2069 1802 hereditate

207 1851 306 1918 fuisse
329 1861 474 1939 oportere
498 1877 515 1920 e
538 1854 585 1920 rei
607 1861 722 1920 natura
744 1855 857 1920 elucet.
905 1854 1021 1921 Orator
1046 1856 1107 1919 hoc
1131 1877 1255 1940 quoque
1283 1854 1353 1918 loco
1377 1877 1448 1919 eam
1474 1858 1599 1920 tantum
1625 1853 1706 1939 legis
1728 1859 1852 1940 partem
1874 1856 2070 1924 recitandam

208 1981 311 2055 curat,
342 1977 467 2062 quaed
491 1999 634 2044 causeam
658 1977 814 2063 agendam
838 1999 917 2064 opus
940 1977 991 2044 sit.

882 2225 904 2326 ς
935 2222 1002 2305 19.
1057 2225 1121 2306 Ile
1148 2223 1247 2322 lege
1280 2227 1301 2325 5
1332 2221 1398 2307 75.

366 2429 400 2502 ‘0
424 2429 536 2523 ἄρχων
558 2435 789 2520 ἐπιμελείσθωΥ
802 2439 869 2504 τοῖν
892 2431 1050 2525 δρφανοῖν
1072 2440 1214 2504 καὶτῶν
1233 2437 1418 2526 ἐπικλήρων
1437 2439 1581 2504 καὶτῶν
1601 2441 1697 2506 οἴκων
1716 2439 1783 2504 τάν
1805 2440 2071 2527 ἐξερημουμένων

207 2563 265 2620 καὶ
294 2558 361 2624 τοῖν
389 2558 573 2639 γυναικοῖν,
609 2552 688 2623 ἴσαι
714 2568 867 2644 μένουσιν
893 2559 932 2626 ἐν
960 2572 1025 2636 τοῖς
1053 2564 1150 2636 οἴκοις
1181 2561 1247 2626 ταῖν
1276 2554 1407 2648 άνδράν
1434 2561 1501 2628 τάν
1527 2559 1736 2646 τεθνηκότων
1760 2561 1944 2644 φάσκουσαι
1966 2575 2069 2630 κυεῖν.

207 2678 331 2744 τούτων
360 2679 581 2764 ἐπιμελείσθω
609 2690 666 2746 καί
697 2682 742 2768 μή
771 2681 860 2748 ἐάτω
887 2677 1034 2770 δβρίζειν
1064 2682 1192 2769 μηδένα
1224 2691 1298 2769 περὶ
1325 2683 1473 2760 τούτους.
1507 2683 1571 2749 ἐάν
1595 2681 1634 2748 δέ
1658 2707 1705 2760 τις
1734 2679 1848 2780 δβρίζη
1879 2681 1902 2770 ἢ
1928 2687 2009 2782 ποιῇ
2038 2714 2071 2754 τι

209 2800 425 2888 παράνομον,
461 2802 568 2891 κύριος
600 2802 680 2869 ἴστω
713 2803 910 2882 ἐπιβάλλειν
936 2806 1024 2871 κατά
1053 2807 1092 2872 τδ
1123 2809 1226 2882 τέλος.
1262 2806 1325 2873 ἐάν
1359 2807 1395 2872 δὲ
1424 2807 1567 2890 μείζονος
1599 2807 1715 2892 ζημίας
1743 2807 1821 2903 δοκῇ
1848 2801 1940 2884 ἄξιος
1971 2806 2069 2888 εἶναι,

208 2923 509 3011 προςκαλεσάμενος
532 2925 737 3014 πρόπεμπτα
764 2937 822 2992 καῖ
844 2938 969 3015 τίμημα
993 2928 1285 3016 ἐπιγραψάμενος,
1316 2923 1382 3005 &aa
1409 2923 1453 2995 άν
1480 2928 1559 3023 δοκῇ
1582 2922 1690 3016 odaei,
1723 2933 1919 3011 εἰςαγανέτω
1942 2936 1987 3008 εἰς
2011 2934 2071 3019 τήν

208 3041 361 3130 ἡλιαίαν.
387 3046 450 3114 ἐάν
473 3047 505 3111 δ’
528 3042 611 3136 άληῖ,
636 3049 763 3133 τιμάτω
786 3045 810 3136 οἱ
832 3046 949 3136 ἡλιαία
973 3053 1129 3139 περὶτοῦ
1153 3046 1300 3126 άλάντος,
1327 3044 1392 3126 δ’,τι
1415 3051 1475 3138 χρη
1500 3043 1606 3118 αδτδν
1629 3057 1760 3116 παθεῖν
1782 3047 1804 3138 ἢ
1828 3047 2002 3119 άποτίσαι.

369 3185 529 3251 Archouti
555 3185 654 3272 igitur
681 3209 757 3253 cura
785 3188 934 3253 orborum
960 3194 992 3254 et
1015 3188 1154 3253 filiarum
1183 3187 1338 3253 heredum
1361 3196 1393 3253 et
1419 3187 1629 3268 familiarum,
1664 3213 1745 3275 quae
1772 3197 1873 3255 morte
1896 3191 2070 3259 exstinctae

209 3312 308 3385 erant,
333 3313 365 3372 et
387 3309 567 3387 mulierum,
592 3332 673 3394 quae
695 3317 907 3396 praegnantes
930 3334 969 3374 ex
987 3309 1136 3376 defuncto
1160 3311 1288 3377 relictae
1307 3317 1406 3390 erant,
1425 3307 1577 3376 'habenda
1600 3318 1676 3377 erat.
1712 3313 1758 3377 Et
1777 3313 1923 3378 orborum
1941 3315 2071 3399 quidem

208 3433 329 3494 tutores
361 3431 452 3517 probi
483 3429 673 3496 instituendi
707 3438 806 3498 erant.
863 3432 1086 3520 Epiclerorum
1114 3457 1189 3500 vero
1218 3457 1293 3499 cura
1320 3434 1481 3499 archontis
1512 3435 1636 3500 diversa
1664 3441 1748 3514 erat,
1783 3442 1878 3522 prout
1910 3437 1979 3503 filia
2008 3437 2071 3505 fuit

208 3527 329 3640 pauper
361 3559 417 3617 aut
448 3555 600 3640 locuples.
657 3555 857 3644 Pauperibus
885 3580 981 3643 quam
1009 3557 1048 3621 ob
1077 3581 1145 3622 rem
1174 3556 1406 3622 consulendum
1434 3564 1534 3637 esset,
1570 3558 1640 3637 lex,
1677 3581 1773 3643 quam
1800 3564 1894 3624 antea
1925 3560 2069 3642 tractavi,

210 3675 355 3753 docebat,
391 3675 602 3763 locupletibus
631 3685 831 3744 autemeam
855 3679 893 3745 ob
917 3702 1073 3758 caussam,
1109 3703 1165 3758 ne,
1203 3679 1354 3765 quamdiu
1381 3680 1524 3746 nondum
1551 3679 1734 3767 nupsissent
1755 3681 1847 3746 bonis
1869 3683 2071 3770 privarentur

208 3799 300 3864 neve
313 3821 350 3862 ea
379 3797 462 3863 male
486 3798 791 3868 administrarentur.
849 3804 957 3893 κύριος
982 3809 1088 3867 autem
1111 3801 1302 3867 feminarum
1329 3802 1524 3892 pupillarum
1548 3809 1615 3870 erat
1641 3809 1741 3882 tutor,
1776 3804 1932 3891 puberum
1954 3829 2071 3892 genere

147 3991 149 3996 ,
208 3920 380 4010 proximus.
427 3921 584 3987 Familiae
607 3923 721 3990 deinde
745 3924 905 3990 desolatae
929 3925 1074 3991 archonti
1097 3925 1368 4004 commendantur,
1393 3932 1429 3990 ut
1452 3926 1535 3990 filios
1559 3925 1604 3991 eis
1626 3925 1840 3992 instituendos
1864 3933 1961 4008 curet,
1986 3930 2071 4014 quod

209 4045 416 4122 nouaclum,
441 4067 481 4108 ne
504 4042 644 4110 familiae
666 4045 847 4126 interirent,
872 4047 1065 4135 reipublicae
1088 4046 1245 4114 maximae
1269 4071 1361 4114 curae
1385 4053 1468 4126 erat,
1493 4048 1548 4113 sed
1570 4049 1739 4137 praecipue
1762 4049 1893 4130 idcirco,
1917 4074 1972 4130 ne,
1997 4075 2070 4117 cum

210 4190 267 4233 sua
289 4149 402 4254 cuique
432 4165 573 4232 familiae
596 4173 702 4233 essent
728 4193 816 4234 sacra
844 4170 984 4258 privata,
1019 4171 1070 4236 his
1098 4171 1252 4257 neglectis
1278 4170 1349 4259 ipsa
1371 4170 1553 4236 detrimenti
1577 4170 1654 4258 quid
1677 4179 1812 4259 caperet.
1846 4211 1888 4219 —-
1921 4173 2070 4260 Denique

210 4288 354 4354 archonti
385 4289 527 4355 officium
558 4288 686 4356 feminis
719 4315 758 4357 ex
789 4292 938 4359 defuncto
973 4293 1112 4380 gravidis
1144 4293 1331 4359 consulendi
1364 4293 1590 4360 demandatum
1623 4301 1707 4373 erat,
1744 4301 1799 4375 ut,
1836 4295 1922 4383 quod
1952 4320 1991 4361 ex
2024 4295 2070 4363 eia

208 4411 406 4476 naseiturum
434 4419 531 4493 esset,
566 4419 690 4502 partem
713 4416 853 4482 debitam
882 4417 1067 4483 hereditatis
1091 4416 1256 4504 acciperet.
1290 4457 1332 4464 —
1364 4416 1457 4483 Haec
1482 4417 1563 4504 legis
1589 4425 1757 4505 praecepta
1784 4425 2070 4484 commemorantur

209 4535 247 4599 ab
281 4532 445 4599 Aeschine
479 4542 556 4602 orat.
592 4534 627 4600 in
662 4537 821 4604 Timarch.
856 4543 877 4621 ξ
909 4541 971 4605 158
1004 4552 1061 4609 καῖ
1092 4542 1168 4618 τοδς
1202 4542 1320 4628 νόμους
1353 4544 1456 4625 λέγων
1485 4548 1516 4609 ot
1544 4542 1707 4628 relationes
1737 4543 1796 4610 τάν
1827 4538 1972 4632 άρχοντα
2002 4547 2071 4611 τάν

208 4653 366 4747 δρησνάν
388 4659 641 4746 ἐπιμελεῖσθαι,
678 4663 717 4726 ab
740 4662 832 4726 Isaeo
857 4669 934 4727 orat.
959 4663 1030 4728 VII
1060 4667 1079 4744 ξ
1103 4664 1146 4728 30
1174 4665 1263 4753 νόμῳ
1291 4666 1356 4754 γάρ
1383 4669 1430 4754 rai
1454 4661 1588 4754 άρχοντι
1611 4669 1678 4732 τάν
1701 4669 1815 4742 οἴκων,
1844 4661 1934 4742 ὅπως
1958 4661 2002 4733 δν
2024 4667 2069 4753 μη

369 4955 389 5025 ¹)
426 4957 544 5011 Platueri
562 4960 724 5028 sententiam,
746 4963 789 5028 qui
809 4963 929 5028 (Procees
946 4964 1000 5016 und
1018 4963 1122 5031 Klagen
1140 4963 1167 5014 11
1185 4979 1245 5030 pag.
1262 4963 1325 5029 827)
1343 4963 1571 5031 praescriptionem
1588 4980 1646 5016 eom
1665 4963 1833 5030 quinquennii
1852 4963 1931 5016 etlam
1949 4964 1976 5016 in
1994 4964 2071 5032 primi

208 5042 311 5096 heredis
328 5045 439 5110 gratiam
457 5048 623 5100 constitutam
642 5047 721 5102 fuisse
739 5049 879 5118 contendit,
901 5050 1075 5105 Schoemann.
1097 5051 1130 5104 ad
1149 5051 1215 5104 leae.
1237 5067 1297 5118 pag.
1319 5053 1370 5103 257
1390 5059 1416 5103 et
1434 5053 1487 5103 482
1505 5051 1610 5103 refutat.
