4638 5644
1163 159 1221 240 28

258 418 296 484 ds
312 419 379 486 τοῖν
402 411 515 486 αδτόν
537 436 604 480 nou
626 437 695 482 esse
717 413 988 502 intellegendum:
1025 435 1064 478 ex
1087 411 1207 478 eisdem
1230 411 1416 499 majoribus
1448 411 1504 478 sed
1527 437 1566 478 ex
1589 409 1708 479 eisdem
1732 411 1917 500 parentibus
1940 414 2022 495 neti,
2051 417 2127 502 quic

258 537 431 626 propinqui
453 560 519 602 non
541 545 676 625 possunt
698 559 764 604 non
787 561 826 604 ex
849 537 969 628 eisdcrp
991 535 1164 622 majoribus
1184 559 1261 602 esse.
1309 535 1386 602 Non
1406 559 1482 621 ergo
1504 559 1562 624 per
1584 536 1779 623 hypothesin
1801 535 1863 602 hoc
1885 537 1962 625 poni
1982 539 2124 618 debebat,

259 661 352 748 quasi
374 662 443 728 fieri
465 669 582 752 posset,
606 669 731 728 utnon
753 667 860 727 essent
881 663 917 728 ἐκ
940 665 1007 728 τῶν
1031 653 1153 728 aderis.
1178 656 1217 724 cf.
1242 658 1434 726 Schcmenn.
1460 660 1501 726 ed
1522 660 1604 726 Isse.
1629 683 1700 748 pag.
1719 661 1794 726 365.
1842 661 1994 748 Sequitur
2016 662 2124 749 igitur,

258 791 297 852 ut
315 785 413 852 etiam
432 787 530 852 verbe
548 797 606 854 καὶ
625 789 688 856 δᾶν
706 797 793 870 γένει
814 781 973 874 α’πωτέρω
994 805 1059 847 nou
1083 783 1235 848 vertenda
1254 781 1336 848 sint:
1361 782 1496 862 etiamsi,
1520 783 1577 848 sed
1597 789 1629 848 et
1649 783 1676 848 si
1696 790 1772 849 sunt
1793 807 1910 871 genere
1929 786 2124 854 remotiores.

258 909 348 976 Nem
370 931 497 988 eorum,
535 909 590 996 qui
613 933 652 975 ex
674 909 789 976 iisdem
811 905 995 995 perentibus
1018 906 1087 972 nati
1109 912 1198 986 suut,
1234 929 1300 971 non
1327 912 1434 994 potest
1455 907 1537 972 citer
1560 907 1659 971 altero
1689 907 1841 974 remotior
1864 931 1942 976 esse.
2001 910 2125 995 Quibus

259 1031 468 1100 consideratis
501 1055 560 1119 ego
593 1034 689 1099 verba
720 1033 781 1098 hoc
813 1030 908 1096 modo
941 1029 1168 1116 interpretatus
1201 1029 1280 1094 sim:
1316 1029 1545 1098 Praeferuutor
1571 1053 1674 1096 mares
1704 1037 1737 1096 et
1763 1054 1783 1096 a
1810 1031 1950 1100 maribus
1977 1035 2125 1122 prognati

259 1153 389 1222 feminis
412 1179 584 1242 earumque
606 1155 732 1234 liberis,
766 1154 919 1220 simams
942 1151 1134 1218 etfemiuae
1158 1154 1197 1218 ab
1220 1153 1340 1219 eisdem
1363 1153 1445 1220 etsi
1469 1153 1661 1232 adiversis,
1698 1155 1753 1220 sed
1776 1157 1816 1221 ab
1838 1156 1897 1235 eis,
1935 1159 1991 1243 qui
2013 1159 2126 1224 eodem

259 1279 361 1366 gradu
392 1279 579 1346 defunctum
611 1281 650 1346 ab
681 1279 833 1344 intestato
863 1277 1070 1362 contingunt,
1106 1275 1290 1363 perentibus
1322 1277 1390 1342 nati
1423 1283 1507 1343 sunt.
1565 1278 1769 1365 Propinquos
1801 1284 1909 1345 antem
1940 1303 1959 1346 e
1992 1280 2125 1348 diversis

258 1402 459 1490 parentibus,
491 1401 551 1468 etsi
574 1402 687 1468 eodem
709 1401 810 1488 gradu
833 1425 906 1467 cum
930 1399 1080 1466 defuncto
1103 1398 1266 1486 conjuncti
1288 1406 1376 1479 sunt,
1408 1398 1493 1466 inter
1514 1423 1548 1467 se
1571 1421 1640 1468 esse
1662 1423 1778 1488 genere
1801 1402 2000 1482 remotiores,
2028 1427 2126 1489 quem

258 1524 334 1592 illos
357 1549 396 1592 ex
418 1524 539 1592 eisdem
560 1531 654 1592 natos
677 1527 789 1592 elucet.
837 1525 928 1610 Quae
952 1523 980 1589 si
1001 1547 1078 1590 vera
1099 1521 1260 1610 praecepti
1282 1522 1332 1588 vis
1355 1529 1418 1602 est,
1450 1546 1513 1609 quc
1534 1524 1791 1591 verisimiliorem
1818 1549 1870 1592 me
1891 1526 2036 1594 invenire
2059 1550 2125 1594 nou

258 1649 400 1736 potuisse
423 1650 583 1737 profiteor,
607 1649 790 1716 institutum
813 1646 895 1713 illud
917 1647 953 1712 in
975 1645 1110 1732 siugulis
1132 1645 1285 1712 classibus
1307 1652 1434 1712 tautum
1457 1647 1497 1712 de
1519 1648 1662 1734 cognatis
1685 1647 1828 1735 ejusdem
1850 1650 1967 1736 gradus
1987 1650 2125 1717 vetuisse

259 1777 509 1839 consentaneum
542 1779 591 1840 est
622 1779 655 1839 et
686 1796 725 1838 ex
757 1768 1016 1836 antecedentibus
1050 1776 1190 1856 apparet.
1249 1769 1398 1836 Sororem
1428 1770 1514 1836 enirn
1544 1771 1647 1838 adhuc
1680 1773 1884 1859 superstitem
1914 1775 2031 1839 sororis
2057 1773 2125 1862 jam

258 1903 402 1962 mortuae
425 1895 511 1962 filius
534 1897 573 1962 cb
595 1895 772 1962 hereditate
795 1918 862 1961 non
883 1892 1033 1972 excludit,
1058 1892 1175 1980 quippe
1199 1892 1254 1978 qui
1275 1899 1400 1980 partem
1423 1900 1550 1960 tautum
1572 1893 1683 1960 metris
1706 1895 1841 1983 accipiat
1864 1895 1916 1976 (cf.
1940 1897 2023 1962 Isse.
2045 1903 2123 1963 crat.

259 2018 330 2086 VH
359 2022 380 2100 ξ
404 2019 468 2103 19).
527 2019 592 2086 Sed
622 2019 734 2085 eodem
763 2018 877 2096 modo,
913 2039 975 2103 quo
1002 2015 1101 2082 frater
1130 2037 1270 2082 sororem
1297 2017 1337 2082 ab
1363 2017 1540 2084 hereditate
1566 2017 1673 2084 fratris
1700 2018 1819 2086 mortui
1841 2027 2002 2099 removet,
2039 2019 2124 2086 filius

258 2143 374 2208 sororis
396 2149 541 2210 mortuae
564 2148 597 2209 et
619 2164 759 2208 sororem
782 2163 882 2219 suam,
914 2162 1049 2225 quacum
1072 2146 1121 2206 cet
1142 2142 1178 2208 ἐκ
1201 2143 1268 2210 τᾶν
1292 2137 1415 2220 adeda,
1440 2147 1473 2206 et
1495 2140 1596 2206 filiam
1619 2141 1701 2206 alius
1728 2141 1844 2208 sororis
1866 2141 1934 2208 vite
1956 2143 2123 2210 defunctae

258 2267 298 2332 ab
321 2266 498 2332 hereditate
521 2265 681 2344 avunculi,
707 2265 761 2352 qui
784 2269 974 2330 testamento
997 2285 1063 2328 non
1086 2262 1235 2328 relictos
1258 2262 1325 2330 vita
1347 2263 1492 2344 decessit,
1517 2264 1666 2330 excludit.
1713 2266 1766 2332 Ita
1789 2264 1886 2358 etiam
1908 2266 1995 2333 filius
2017 2266 2123 2333 hahis

258 2389 377 2455 mortui
407 2413 514 2457 sorore
543 2388 644 2476 ipsius
672 2393 704 2454 ct
733 2386 802 2453 filia
828 2387 909 2452 alius
938 2385 1045 2452 fratris
1068 2386 1135 2452 vita
1156 2385 1300 2453 defuncti
1323 2387 1448 2453 omissis
1475 2386 1686 2455 hereditatem
1709 2388 1832 2476 accipit.
1880 2389 2005 2456 Eodem
2028 2390 2123 2456 modo

258 2513 311 2580 lex
335 2513 422 2579 velet
444 2512 479 2578 in
501 2513 696 2601 propinquos
720 2535 835 2598 genere
858 2509 1053 2576 remotiores.

418 2657 481 2724 ἰδν
503 2658 539 2724 δὲ
560 2657 605 2744 μή
629 2649 690 2723 «dcc
717 2655 799 2743 πρδς
827 2653 953 2742 πατρδς
982 2663 1079 2740 μέχρι
1101 2649 1255 2744 ἆνεψιοῖν
1278 2656 1426 2732 παίδων,
1457 2655 1531 2731 τούς
1560 2656 1642 2744 πρδς
1666 2656 1787 2743 μητρδς
1810 2659 1868 2721 τοῦ
1891 2651 2011 2742 δνδρδς
2034 2657 2121 2722 nard

258 2775 370 2848 ταδτοὶ
400 2793 527 2868 κυρίους
554 2778 656 2847 εἶναι.

417 2902 481 2968 His
509 2902 614 2967 verbis
645 2900 697 2982 (cf.
721 2901 803 2966 Isse.
829 2905 906 2964 orat.
931 2897 987 2962 XI
1015 2903 1035 2980 ξ
1060 2900 1102 2964 12
1125 2907 1157 2966 et
1179 2899 1250 2968 VII
1277 2905 1298 2981 ξ
1322 2901 1377 2983 22)
1407 2897 1558 2965 iratribus
1581 2907 1614 2966 et
1637 2899 1796 2966 sororibus
1820 2923 1992 2986 eorumque
2015 2901 2122 2968 liberie

257 3047 324 3090 non
358 3024 581 3112 superstitibus
615 3022 743 3110 cognati
775 3045 875 3109 usque
910 3021 950 3087 ed
984 3022 1131 3109 quintum
1164 3021 1298 3110 gradum
1333 3022 1486 3109 postremi
1517 3029 1591 3090 ante
1626 3031 1786 3090 maternos
1819 3023 1860 3088 ad
1892 3024 2122 3091 successionem

256 3155 420 3215 vocantur.
467 3149 556 3214 Nam
579 3145 732 3240 α’νεψιιὸν
754 3150 880 3226 παῖδας
903 3151 1054 3233 cognatos
1077 3147 1188 3232 quinto
1212 3169 1278 3212 non
1301 3153 1389 3213 sexto
1413 3147 1513 3234 gradu
1535 3146 1762 3234 intelligendos
1786 3169 1854 3212 esse
1882 3146 2122 3214 Schocmannus

258 3272 300 3338 ad
321 3273 403 3338 Isos.
436 3295 508 3360 pag.
532 3273 598 3337 456
630 3270 784 3349 ostendit,
821 3269 876 3356 qui
902 3269 989 3335 idem
1017 3269 1187 3335 discrimen
1213 3269 1298 3337 inter
1320 3271 1475 3336 vocabula
1498 3267 1706 3363 ἀνεψιαδοῦς
1729 3276 1762 3335 et
1784 3266 1931 3360 α’ντψιοῦ
1954 3285 2034 3350 παῖς
2058 3293 2123 3336 non

257 3401 396 3475 exstare,
426 3395 462 3460 id
484 3394 568 3480 quod
593 3394 628 3458 in
651 3394 783 3459 dubium
806 3399 974 3458 vocaverat
996 3389 1180 3459 Buuscnius
1207 3393 1229 3458 l.
1254 3417 1280 3460 c.
1309 3417 1380 3481 pag.
1408 3395 1450 3459 10
1473 3393 1512 3459 cf.
1537 3401 1645 3460 annot.
1672 3395 1728 3472 14,
1758 3393 1988 3459 demonstravit
2011 3399 2032 3476 ).
2087 3393 2123 3461 Si

258 3524 366 3586 autem
390 3518 517 3605 cognati
540 3522 671 3604 epatre
694 3539 794 3603 usque
818 3517 858 3581 ad
878 3515 1027 3602 quintum
1049 3517 1182 3602 gradum
1205 3540 1270 3582 non
1294 3523 1473 3604 supersunt,
1498 3525 1534 3582 ut
1554 3516 1681 3603 cognati
1704 3541 1723 3582 a
1745 3522 1846 3582 matre
1866 3516 1977 3582 eadem
2000 3517 2123 3582 ratione

257 3641 469 3710 hereditatem
499 3640 630 3720 adeant,
666 3642 719 3706 lex
747 3639 911 3727 praecipit.
968 3639 1115 3704 Primum
1141 3639 1240 3726 igitur
1266 3641 1380 3705 fratres
1407 3639 1526 3704 uteriui
1553 3644 1586 3704 et
1615 3661 1738 3706 sorores
1766 3663 1939 3726 eorumque
1966 3640 2060 3705 liberi
2084 3640 2123 3705 ad

258 3766 490 3834 successionem
516 3768 685 3841 vocantur,
722 3761 837 3828 deinde
866 3761 999 3828 fratrum
1024 3768 1055 3828 et
1082 3784 1226 3830 sororum
1253 3761 1365 3828 matris
1392 3762 1452 3828 filii
1479 3761 1628 3849 filiaeque
1651 3769 1815 3828 eteorum
1842 3762 1934 3828 liberi
1957 3767 1989 3828 et
2012 3783 2123 3827 omnes

260 3889 388 3977 cognati
411 3892 553 3954 amatre
576 3910 676 3972 usque
701 3886 741 3952 cd
764 3886 911 3972 quintum
935 3885 1077 3971 gradum.

417 4033 481 4100 ἒδν
504 4032 540 4098 δὲ
562 4030 792 4118 μηδετέρωθεν
814 4023 837 4126 ᾖ
859 4029 951 4106 ἐντδς
974 4029 1099 4096 τούτων
1122 4029 1181 4097 cdv
1204 4031 1286 4117 πρδς
1310 4029 1436 4118 πατρός
1459 4029 1626 4112 ἐγγυτάτω
1650 4029 1762 4118 κύριον
1785 4027 1886 4097 εἶναι.

419 4171 455 4239 Si
479 4177 620 4236 amatre
644 4193 769 4255 quoquc
793 4192 886 4234 nemo
909 4192 1009 4254 usque
1032 4169 1073 4234 ad
1096 4169 1243 4254 quintum
1271 4167 1405 4254 gradum
1428 4175 1588 4256 superest,
1622 4167 1754 4234 revertit
1776 4169 1830 4256 jus
1853 4168 2060 4234 successionis
2084 4171 2124 4235 cd

258 4293 454 4383 propinquos
483 4317 501 4358 a
530 4299 635 4380 petre,
672 4293 847 4378 exquibus
870 4297 1037 4380 praecepto
1060 4305 1192 4380 κρατεῖν
1218 4294 1293 4371 roric
1317 4287 1459 4381 ἄρρενας
1482 4303 1539 4359 καὶ
1561 4295 1637 4370 τοδς
1660 4294 1696 4359 ἐκ
1719 4297 1785 4360 τοῖν
1813 4289 1961 4382 α’ρρένων
1988 4299 2121 4372 servato,

257 4417 451 4504 utquisque
475 4423 524 4481 est
546 4415 647 4501 gradu
668 4416 848 4503 proximus,
879 4416 925 4481 ita
948 4415 1060 4481 ceteris
1084 4413 1268 4480 antefertur.
1317 4413 1412 4500 Quod
1435 4439 1501 4480 non
1525 4415 1621 4480 etiem
1646 4414 1771 4501 cognati
1796 4420 1927 4502 epatre
1951 4437 2059 4481 rursus
2083 4415 2124 4480 ed

257 4539 490 4606 successionem
512 4545 665 4604 vocentur
689 4537 727 4603 cf.
752 4540 948 4604 Buermaun.
974 4539 994 4602 l.
1020 4563 1046 4604 c.
1071 4563 1143 4626 pag.
1169 4539 1244 4603 380.

418 4822 440 4891 ¹)
476 4823 635 4876 Buermarrni
653 4823 808 4876 senteutiam
826 4823 856 4892 (l.
877 4839 900 4875 c.
921 4839 982 4890 pag.
1005 4821 1077 4891 377),
1102 4822 1146 4890 qui
1164 4822 1248 4874 verbis
1274 4799 1428 4892 οἷνεψιυῖν
1451 4806 1568 4881 παῖδες
1594 4838 1646 4874 nou
1665 4821 1783 4889 gradum,
1808 4820 1852 4874 sed
1872 4821 1967 4872 lineam
1986 4817 2123 4886 significari

258 4911 326 4976 vult,
345 4910 403 4977 jam
421 4927 479 4963 eam
497 4909 531 4962 ob
549 4926 668 4964 caussam
686 4911 797 4978 probare
815 4927 929 4978 nequeo,
950 4910 1012 4978 qnia
1030 4917 1223 4978 argumentum,
1245 4926 1297 4976 quo
1315 4927 1340 4962 v.
1362 4909 1388 4962 d.
1409 4909 1512 4977 nititur,
1534 4909 1734 4977 explicet-ionem
1753 4908 1812 4962 dico
1830 4908 1967 4961 verborum
1990 4903 2123 4980 κρατεῖν

256 4982 294 5048 δὲ
315 4981 391 5058 τοδς
416 4976 557 5070 ἄρρενας
581 5009 609 5047 κ.
633 5008 662 5047 τ.
686 4983 727 5059 h,
752 5004 780 5049 ut
799 5005 877 5052 antea
895 4997 1078 5067 demonstravi,
1099 4999 1172 5051 nullo
1190 4996 1268 5051 modo
1286 4996 1387 5050 laudari
1406 5005 1500 5066 potest.
