4638 5644
1171 161 1224 242 16

261 411 347 478 κατά
379 414 415 477 δὲ
445 413 505 499 τήν
534 421 660 500 μητέρα
689 415 750 498 τήν
778 415 901 480 ἑαυτοῦ
928 414 1131 500 Φυλομάχην
1157 416 1372 501 νομιζόμενον
1397 412 1544 505 άνεψιόν
1570 416 1658 484 εδναι
1682 414 1888 508 Εὐβουλίδην
1911 417 2022 511 Ἁγνίᾳ
2050 425 2133 510 πρός

264 536 391 622 πατρός
414 537 450 602 ἐκ
472 536 608 622 τηθίδος
630 539 789 620 γεγονότα
814 532 926 626 Ἁγνίᾳ
954 541 1011 623 τῆς
1036 537 1118 624 πρδς
1142 539 1278 626 πατρός.

419 659 458 724 Π
488 662 521 740 (ξ
542 661 608 742 43).
657 662 874 750 Μαρτυρούσι
901 674 1062 742 συγγενεῖς
1092 658 1180 726 εἶναι
1204 664 1377 747 Πολέμωνι
1404 669 1451 753 τῷ
1477 676 1580 752 πατρὶ
1606 668 1654 755 τῷ
1675 662 1802 749 Ἁγνίου
1823 678 1882 734 καῖ
1909 671 2062 760 Φιλάγρῳ
2086 674 2133 760 eq?

261 796 363 873 πατρῖ
386 789 433 874 τηῖ
456 781 659 864 Εὐβουλίδου
683 795 739 852 καὶ
764 780 948 874 Εὐκτήμονι
972 789 1019 874 τῳῖ
1042 786 1276 863 βασιλεύσαντι
1297 796 1353 853 καῖ
1375 789 1498 854 εἰδέναι
1518 785 1714 876 Εὐκτήμονα
1736 786 1882 876 άδελῳδν
1901 787 1983 860 όντα
2005 789 2132 878 δμοπά-

261 934 351 996 τριον
377 911 532 998 Φιλάγρῳ)
561 913 608 999 τῷ
635 919 736 996 πατρὶ
764 913 813 999 τῳῖ
835 905 1054 988 Εὐβουλίδου·
1086 918 1143 974 καὶ
1166 905 1269 976 όπότε
1291 906 1313 996 ή
1336 911 1526 978 έπιδικασία
1550 907 1591 1000 ήν
1614 917 1674 980 τοῦι
1696 915 1815 1003 κλήρου
1838 920 1897 982 τοῦ
1920 913 2047 999 Ἁγνίου
2071 913 2132 986 Εὐ·

259 1033 394 1129 βουλίδη
425 1035 508 1120 πρός
533 1035 729 1111 ,Ῑλαύκωνα,
755 1034 804 1100 ἔτι
829 1035 887 1120 ζῆν
911 1030 1122 1120 Εὐκτήμονα,
1154 1033 1191 1098 έκ
1214 1034 1458 1122 πατραδέλφων
1482 1031 1628 1126 άνεψιδν
1651 1032 1733 1104 ὄντα
1759 1041 1932 1123 Πολέμωνι
1960 1043 2007 1130 τηῖ
2030 1053 2132 1132 πατρὶ

260 1151 403 1236 Ἁγνίου,
440 1169 496 1224 καῖ
518 1159 562 1244 μή
588 1153 838 1244 άμῳοσβητήσαι
861 1153 1056 1245 Εὐκτήμονα
1081 1151 1264 1254 Εὐβουλίδη
1292 1161 1351 1224 τοῦ
1374 1159 1492 1246 κλήρου
1517 1164 1575 1226 τοῦ
1598 1156 1742 1242 Ἁγνίου,
1777 1160 1855 1251 μηδ’
1877 1159 1980 1231 άλλον
2003 1165 2129 1251 μηδένα

263 1281 350 1346 κατά
374 1291 466 1362 γένος
490 1283 578 1348 τότε.

422 1404 479 1466 ΠΙ
509 1409 541 1486 (ξ
564 1406 630 1487 44).
679 1411 895 1494 Μαρτυροῦσι
925 1409 984 1472 τόν
1011 1417 1142 1493 πατέρα
1170 1407 1229 1472 τόν
1255 1410 1386 1474 ἑαυτῶν
1409 1409 1589 1494 Στράτωνα
1613 1413 1750 1497 συγγενῆ
1776 1408 1864 1476 εἶναι
1888 1412 2060 1494 Πολέμωνι
2082 1414 2131 1500 τῳ

262 1538 364 1615 πατρὶ
387 1531 434 1616 τῳῖ
457 1525 583 1612 Ἁγνίου
606 1541 663 1596 καῖ
686 1531 868 1619 Χαριδήμῳ
892 1535 939 1620 τῷ
963 1541 1064 1619 πατρὶ
1086 1533 1134 1620 τῷ
1159 1531 1361 1615 Θεοπόμπου
1385 1541 1442 1597 καῖ
1469 1533 1623 1622 Φιλάγρῳ
1647 1537 1695 1622 τῳῖ
1719 1545 1821 1622 πατρὶ
1844 1537 1891 1623 τῷ
1914 1530 2127 1613 Εὐβουλίδου,

260 1663 317 1718 καῖ
350 1647 485 1721 άκούειν
516 1657 576 1721 τοῦ
608 1659 739 1722 ἑαυτῶν
772 1657 899 1744 πατρός
930 1651 981 1720 ότι
1012 1656 1174 1742 Φίλαγρος
1202 1656 1302 1734 λάβοι
1331 1669 1473 1738 γυναῖκα
1503 1658 1637 1744 πριότην
1665 1663 1727 1743 μὲν
1754 1659 1957 1744 Φυλομάχην
1984 1654 2130 1744 άδελῳήν

261 1778 456 1861 Πολέμωνος
479 1783 538 1846 τοῦ
561 1780 688 1867 πατρός
710 1782 770 1846 τοῦ
792 1775 918 1860 Ἁγνίου
942 1775 1154 1867 δμοπατρίαν
1176 1791 1233 1846 καῖ
1257 1777 1473 1868 δμομητρίαν,
1498 1792 1555 1848 καῖ
1577 1789 1735 1864 γενέσθαι
1753 1782 1908 1871 Φιλάγρῳ
1932 1783 1968 1848 έκ
1989 1787 2050 1866 μὲν
2073 1785 2129 1868 τῆς

264 1903 462 1989 Φυλομάχης
487 1897 703 1990 Εὐβουλίδην,
729 1899 970 1989 άποδανοόαης
994 1903 1028 1969 δέ
1056 1905 1254 1990 Φυλομάχης
1277 1908 1396 1991 ἑτέραν
1422 1908 1539 1983 λαβεῖν
1564 1920 1706 1989 γυναῖκα
1733 1909 1900 1994 Φίλαγρον
1925 1908 2131 1991 Τελεσίππην

260 2033 316 2090 καὶ
344 2034 502 2105 γενέσθαι
529 2024 736 2114 ὁμοπάτριον
766 2034 827 2112 μέν
855 2022 1000 2111 άδελῳδν
1026 2023 1208 2125 Εὐβουλίδη
1233 2035 1433 2106 Μενεσθέα,
1467 2025 1667 2118 δμομήτριον
1693 2031 1729 2096 δέ
1751 2033 1812 2117 μή·
1847 2041 1904 2098 καὶ
1926 2025 2130 2106 Εὐβουλίδου

262 2143 571 2238 άμῳισβητήσαντος
599 2157 658 2218 τοῦ
687 2153 806 2240 κλήρου
833 2155 892 2218 τοῦ
915 2147 1041 2233 Ἁγνίου
1071 2153 1158 2218 κατά
1186 2163 1278 2235 γένος
1303 2159 1483 2220 Μενεσθέα
1510 2154 1556 2241 μή
1580 2149 1829 2242 άμῳισβητήσαι
1850 2157 1909 2220 τοῦ
1930 2153 2048 2240 κλήρου
2072 2155 2129 2220 τοῦ

260 2268 409 2354 Ἁγνίου,
453 2277 527 2362 μηδ’
563 2271 759 2362 Εὐκτήμονα
793 2278 852 2343 τόν
886 2271 1032 2361 άδελῳδν
1066 2277 1124 2343 τόν
1162 2277 1351 2364 Φιλάγρου,
1391 2278 1466 2362 μηδ
1500 2273 1603 2345 ἄλλον
1636 2279 1762 2364 μηδένα
1797 2278 1884 2344 κατά
1920 2287 2012 2360 γένος
2047 2277 2129 2366 πρός

261 2396 467 2487 Εὐβουλίδην
496 2401 585 2466 τότε.

420 2522 472 2590 Ν
502 2527 535 2604 (ξ
557 2523 623 2604 45).
681 2533 856 2612 Μαρτυρεῖ
885 2524 944 2589 τόν
977 2535 1108 2611 πατέρα
1135 2526 1194 2590 τόν
1221 2527 1344 2592 ἑαυτοῦ
1372 2520 1570 2612 ’Λρχίμαχον
1599 2529 1736 2614 συγγενῆ
1765 2523 1853 2592 εἶναι
1881 2527 2056 2610 Πολέμωνι
2083 2530 2131 2615 τῷ

262 2659 364 2739 πατρὶ
387 2652 434 2736 τῷ
457 2645 584 2731 Ἁγνίου
606 2660 663 2716 καὶ
686 2649 867 2737 Χαριδήμῳ
892 2651 939 2736 τῷ
962 2657 1064 2733 πατρὶ
1087 2651 1133 2736 τηῖ
1159 2648 1361 2733 Θεοπόμπου
1384 2658 1441 2713 καῖ
1468 2651 1622 2739 Φιλάγρῳ
1646 2653 1693 2738 τηῖ
1718 2659 1821 2738 πατρὶ
1843 2652 1890 2738 τῷ
1896 2620 2127 2726 Εὐβουλίδου,

262 2781 318 2838 καῖ
342 2766 474 2840 α’κοόειν
497 2775 557 2839 τοῦ
580 2774 706 2860 πατρός
729 2776 789 2840 τοῦ
811 2774 942 2840 ἑαυτῶν
965 2767 1016 2836 δτι
1043 2775 1205 2860 Φίλαγρος
1229 2772 1330 2849 λάβοι
1352 2785 1494 2855 γυναῖκα
1519 2773 1652 2861 πρώτην
1674 2779 1735 2857 μέν
1757 2773 1960 2861 Φυλομάχην
1983 2768 2129 2858 άδελῳήν

262 2898 457 2980 Πολέμωνος
485 2900 544 2962 τοῦ
567 2899 693 2985 πατρός
721 2900 780 2963 τοῦ
802 2891 929 2978 Ἁγνίου
952 2891 1164 2983 ὁμοπατρίαν
1187 2905 1243 2961 καῖ
1271 2891 1491 2985 δμομητρίαν,
1522 2907 1579 2963 καὶ
1602 2904 1760 2980 γενέσθαι
1783 2899 1819 2964 έκ
1842 2904 1904 2982 μὲν
1930 2896 2129 2982 Φυλομάχης

261 3017 476 3106 Εὐβουλίδην,
503 3015 744 3106 άποιλανοόσης
765 3020 800 3085 δὲ
823 3020 1022 3106 Φυλομάχης
1045 3024 1163 3107 ἑτέραν
1185 3022 1302 3097 λαβεῖν
1321 3033 1464 3102 γυναῖκα
1485 3023 1650 3106 Φίλαγρον
1669 3023 1875 3106 Τελεσίππην
1894 3030 1951 3086 καῖ
1971 3027 2130 3100 γενέσθαι

264 3144 418 3232 Φιλάγρῳ)
443 3145 479 3209 ἐκ
503 3148 704 3231 Τελεσίππης
726 3149 917 3220 Μενεσθέα,
943 3139 1149 3230 δμοπάτριον
1171 3151 1233 3228 μέν
1256 3139 1403 3230 άδελῳδν
1422 3141 1618 3242 Εὐβουλίδη,
1643 3141 1843 3232 δμομήτριον
1866 3145 1901 3210 δὲ
1923 3143 1984 3230 μή·
2010 3138 2129 3228 άμῳισ-

260 3267 463 3354 βητήσαντος
497 3269 532 3334 δὲ
560 3264 763 3347 Εὐβουλίδου
796 3271 856 3334 τοῦ
887 3267 1006 3356 κλήρου
1033 3269 1093 3332 τοῦ
1119 3263 1245 3350 Ἁγνίου
1274 3269 1361 3336 κατά
1392 3280 1483 3351 γένος
1512 3275 1693 3336 Μενεσθέα
1720 3269 1765 3354 μή
1794 3263 2044 3354 άμῳισβητήσαι
2071 3269 2130 3332 τοῦ

260 3391 379 3479 κλήρου
414 3392 488 3477 μηδ’
524 3387 721 3479 Εὐκτήμονα
756 3392 816 3458 τόν
851 3386 996 3476 άδελῳδν
1031 3392 1198 3480 Φιλάγρου
1230 3394 1305 3480 μηδ’
1336 3389 1438 3460 άλλον
1468 3393 1593 3478 μηδένα
1625 3391 1711 3456 κατά
1743 3401 1834 3472 γένος
1862 3391 1945 3476 πρός
1973 3386 2129 3469 Εὐβουλί-

264 3516 326 3601 δην
355 3515 442 3582 τότε.

419 3637 568 3702 Primum
590 3637 630 3702 de
654 3637 715 3714 eie,
746 3661 826 3722 quae
850 3638 934 3724 apud
957 3637 1063 3724 ipsum
1087 3645 1245 3704 oratorem
1267 3639 1317 3704 his
1341 3637 1532 3702 testimoniis
1556 3637 1725 3723 probatum
1746 3635 1787 3700 iri
1809 3641 2020 3722 expectemus,
2050 3633 2130 3700 mihi

260 3759 489 3848 disputandum
517 3764 573 3826 est.
632 3761 710 3826 Non
737 3761 822 3826 enim
850 3761 1098 3828 Westermanno
1131 3761 1304 3840 assentior,
1341 3760 1396 3846 qui
1427 3759 1504 3824 dicit
1530 3761 1590 3826 hee
1620 3760 1659 3824 de
1688 3782 1722 3824 re
1749 3761 1770 3824 l.
1800 3783 1825 3824 e.
1854 3782 1925 3846 pag.
1953 3760 2015 3824 103
2050 3758 2129 3823 Alle

261 3884 395 3969 iibrigen
418 3884 590 3970 Auesagen
613 3892 700 3972 spart
724 3886 780 3950 der
802 3885 933 3950 Redner
958 3886 1099 3972 dagegen
1123 3884 1174 3949 fiir
1198 3884 1268 3949 eine
1292 3883 1409 3948 endere
1433 3883 1534 3950 Stelle
1558 3883 1615 3948 auf
1634 3883 1701 3948 und
1725 3907 1764 3948 zu
1788 3882 1891 3948 dieser
1913 3883 2025 3968 gehert
2047 3905 2128 3968 ganz

261 4007 403 4072 offenber
431 4010 512 4074 eueh
540 4009 591 4074 die
622 4009 699 4074 iiber
730 4009 781 4076 die
810 4011 916 4076 wehre
939 4009 1179 4094 Abstemmung
1208 4009 1264 4073 des
1289 4008 1533 4094 Theopomp0e‚
1570 4007 1621 4073 die
1646 4029 1720 4071 man
1748 4005 1874 4072 freilieh
1896 4005 2008 4070 weiter
2029 4011 2130 4070 unten

261 4135 355 4196 unter
382 4131 445 4196 den
472 4131 674 4217 Zeugnissen
701 4133 758 4197 der
788 4134 922 4200 zweiten
950 4133 1053 4198 Reihe
1081 4132 1255 4218 vergebens
1284 4133 1386 4198 sucht.
1443 4131 1539 4198 Doeh
1566 4132 1658 4198 sucht
1688 4153 1763 4196 men
1790 4130 1871 4194 auch
1898 4128 2030 4193 anderes
2058 4128 2130 4192 dort

260 4255 448 4339 vergebens,
483 4279 590 4334 wenn,
625 4256 685 4320 υάυ
714 4279 747 4321 es
776 4259 967 4343 wenigetens
997 4257 1059 4321 den
1082 4255 1249 4320 Ansehein
1279 4257 1348 4334 hat,
1384 4255 1440 4319 der
1466 4255 1577 4320 Inhalt
1603 4255 1659 4319 der
1682 4254 1834 4320 weiteren
1857 4251 2027 4336 Auseagen
2055 4272 2129 4314 vom

260 4378 391 4443 Redner
414 4379 492 4458 §40
516 4401 550 4442 so
574 4381 757 4464 angegeben
781 4379 875 4446 wird:
900 4384 1003 4470 τούτῳ
1022 4382 1049 4447 δ’
1072 4377 1092 4447 ό
1114 4381 1314 4466 βουλόμενος
1337 4381 1577 4469 μαρτυρησάτω
1600 4377 1622 4467 ἢ
1646 4375 1689 4456 οἷς
1706 4375 1765 4444 οὐκ
1788 4373 1874 4465 ἦσαν
1897 4372 2034 4462 άδελῳοῐ
2054 4372 2129 4461 δμο-

262 4505 397 4592 πάτριοι
420 4514 476 4569 καῖ
503 4499 697 4591 δμομήτριοι
721 4509 880 4590 Πολέμων
903 4515 959 4570 καὶ
987 4506 1184 4591 Φυλομάχη,
1218 4501 1240 4592 ή
1263 4499 1314 4570 δτι
1338 4500 1397 4570 οὐκ
1424 4499 1465 4592 ήν
1488 4500 1509 4568 δ
1531 4509 1592 4588 μέν
1616 4505 1776 4586 Πολέμων
1799 4502 1883 4578 vide,
1918 4497 1938 4586 ή
1965 4501 1999 4565 δὲ
2027 4501 2128 4564 Φυλο-

260 4629 352 4713 μάχη
377 4629 529 4716 έλυγάτηρ
553 4624 679 4710 Ἁγνίου
706 4632 765 4694 τοῦ
789 4631 954 4696 Βουσέλου
979 4635 1081 4705 υἱέος,
1117 4625 1138 4716 ἢ
1161 4624 1211 4694 ότι
1236 4624 1256 4692 δ
1280 4630 1440 4712 Πολέμων
1469 4622 1527 4694 οὐκ
1550 4620 1592 4713 ήν
1621 4626 1731 4713 πατήρ
1754 4621 1898 4708 Ἁγνίου,
1933 4617 1973 4690 οὗ
2000 4617 2131 4688 έστινδ

161 4731 169 4748 ⁸
261 4753 387 4839 κλῆρος,
412 4747 485 4818 οὐδ’
508 4749 530 4839 ή
553 4748 678 4840 οἷδελῳή
703 4748 725 4840 ή
749 4755 944 4838 Πολέμωνος
970 4753 1151 4840 Φυλομάχη
1176 4760 1284 4839 τηόῖς,
1308 4748 1330 4838 ή
1353 4747 1396 4828 οἷς
1421 4746 1441 4814 ot
1462 4745 1664 4836 Εὐβουλίδης
1688 4744 1747 4814 οὐκ
1771 4743 1811 4836 ἤν
1837 4748 2035 4832 Φυλομάχης
2060 4745 2129 4830 υἱός

261 4869 339 4940 οὐδὲ
365 4876 532 4964 Φιλάγρου
560 4879 620 4944 τοῦ
649 4872 795 4967 άνεψιοῦ
822 4882 881 4944 τοῦ
904 4873 1049 4957 Ἁγνίου,
1085 4872 1107 4962 ή
1134 4877 1236 4943 έκεῖνο
1265 4871 1316 4941 ότι
1342 4868 1545 4951 Εὐβουλίδου
1575 4876 1635 4939 τοῦ
1662 4867 1808 4960 άυεψιοῦ
1834 4874 1893 4936 τοῦ
1916 4865 2042 4953 Ἁγνίου
2070 4863 2128 4936 οὐκ

261 4998 330 5064 ε”στι
357 5001 537 5086 Φυλομάχη
562 5000 714 5088 θυγάτηρ
738 4996 760 5086 ή
783 5003 843 5068 νῦν
867 5001 915 5066 ε’·’τι
939 4993 1022 5066 οὐσα
1046 4994 1119 5065 οὐδ’
1143 4999 1212 5075 υλδς
1236 4994 1344 5064 οὐτοσὶ
1368 4993 1389 5061 δ
1412 5009 1493 5073 παῖς
1516 5003 1782 5082 ελςπεποιημέυος
1802 4995 1889 5060 κατά
1911 4994 1986 5070 τούς
2010 4993 2129 5078 νόμους
