4638 5644
1094 227 1150 306 23
2023 53 2310 394 Χ

188 483 367 552 necessario
398 486 433 551 in
460 487 531 571 lege
561 481 697 549 additur.
755 481 927 548 Praeterea
957 484 1082 550 αῖδεσιν
1113 503 1184 546 cum
1217 479 1406 566 quibusdem
1434 477 1634 544 caerimoniis
1662 483 1694 543 et
1726 475 1822 543 sacris
1852 476 2056 564 conjunctam

191 609 289 676 fuisse
320 633 359 674 ex
389 609 410 674 l.
440 608 461 673 l.
493 605 827 672 Demostb.A1istoc.
859 611 990 692 apparet
1019 603 1058 668 cf.
1084 603 1280 684 Schbmaun,
1309 602 1426 689 griech.
1457 602 1681 668 Alterthitmer
1709 601 1761 680 H,
1797 621 1868 688 pag.
1894 602 1959 666 319
1987 623 2054 687 sqq.

191 734 308 799 Altera
334 732 414 818 leg‘s
440 753 513 818 pars
536 727 603 815 agit
626 728 665 794 de
691 743 862 820 προειπεῖν
885 735 918 794 et
940 729 1138 796 συνδιώκειν.
1189 725 1403 813 Praecipitem,
1435 731 1471 791 ut
1494 725 1688 791 denuncient
1709 725 1744 790 in
1768 723 1837 791 loro
1859 723 2056 790 interfectori

190 881 224 923 se
246 856 355 943 injus
378 879 452 920 eum
475 858 643 918 vocaturos
667 875 735 918 esse
757 851 807 916 illi
831 851 948 938 agnati,
979 849 1035 936 qui
1058 851 1174 916 armore
1196 848 1296 934 gradu
1319 849 1483 914 hominem
1505 847 1709 916 interfectum
1732 849 1928 934 contingant,
1959 871 2056 934 quam

190 977 387 1056 consobrini,
422 1000 488 1042 una
515 981 623 1042 autem
650 981 881 1062 persequantur
903 973 1083 1040 consobrini
1107 980 1140 1040 et
1162 972 1422 1038 consobrinorum
1449 972 1509 1038 filii
1532 979 1565 1038 et
1589 971 1700 1059 generi
1723 977 1755 1038 et
1780 971 1881 1038 soceri
1904 978 1937 1038 et
1963 974 2055 1060 phra-

189 1109 283 1170 tores.
341 1101 458 1170 Verbis
488 1114 658 1190 προειπεῖν
685 1101 737 1164 vel
764 1101 998 1189 προαγορεύειν
1025 1102 1058 1162 et
1086 1096 1292 1162 substantivis
1316 1098 1491 1186 πρόρρησις
1519 1097 1571 1162 val
1594 1089 1828 1186 προαγόρευσις
1852 1095 2056 1162 denunciatio

191 1225 373 1304 sollemnis,
409 1229 447 1289 ut
473 1219 659 1288 interfector
686 1219 783 1286 sacris
806 1226 839 1286 et
867 1220 936 1286 foro
959 1219 1131 1300 abstineat,
1168 1219 1381 1306 significatur,
1416 1225 1454 1285 ut
1480 1243 1547 1286 rem
1571 1218 1709 1306 explicat
1730 1219 1850 1286 Pollux
1871 1220 1979 1299 Vm,
2012 1223 2055 1286 66

189 1355 331 1440 alerem
354 1350 391 1415 δὲ
413 1350 510 1437 ῖερών
532 1355 588 1412 καὶ
612 1341 735 1434 α’γορᾶς
758 1351 788 1412 οῖ
810 1347 848 1413 ἐν
869 1357 1047 1436 κατηγορίᾳ
1068 1346 1170 1430 φόνου
1194 1339 1272 1431 ἄχρι
1295 1357 1439 1434 κρίσεως
1464 1357 1521 1412 καὶ
1541 1349 1634 1414 τοῦτο
1655 1345 1888 1434 προαγόρευσις
1908 1346 2056 1414 ἐκαλεῖτο

190 1470 228 1538 cf.
253 1471 422 1536 Demosth.
447 1469 517 1534 adv.
542 1467 716 1555 Leptinem
743 1471 763 1548 ὅ
789 1467 862 1532 158.
918 1465 1023 1534 Simul
1046 1491 1118 1533 cum
1146 1469 1206 1533 hac
1235 1466 1481 1533 denunciatione
1508 1488 1626 1531 nomen
1648 1465 1861 1532 interfectoris
1884 1468 1925 1534 ad
1947 1492 2056 1555 regem

189 1617 351 1661 sacrorum
374 1593 516 1658 delatum
539 1614 607 1658 esse
631 1596 663 1656 et
685 1591 847 1670 tribunali,
871 1590 992 1676 inquo
1016 1613 1127 1657 caussa
1149 1596 1232 1656 esset
1254 1591 1378 1678 agenda
1400 1591 1439 1655 ab
1454 1585 1522 1655 'hoc
1543 1589 1579 1654 in
1602 1587 1772 1680 όνακρῖσει
1795 1591 1977 1672 constituto,
2001 1615 2056 1660 reo

189 1717 257 1783 dies
281 1739 344 1802 qua
365 1717 489 1782 adesset
511 1715 597 1781 dicta
621 1735 689 1780 esse
714 1713 841 1781 videtur
854 1716 878 1799 ¹)
902 1715 941 1782 cf.
963 1711 1117 1802 Philippi,
1141 1714 1294 1801 Areopag
1317 1714 1383 1780 und
1404 1712 1455 1778 die
1477 1712 1627 1800 preten
1650 1736 1721 1801 pag.
1736 1714 1777 1778 68
1801 1736 1868 1800 sqq.
1915 1715 2055 1801 Agnetis

190 1847 311 1920 autem,
340 1839 395 1926 qui
418 1852 589 1930 προειπεῖν
608 1837 762 1925 jubentur
783 1861 850 1904 non
872 1837 1054 1905 viventibus
1077 1836 1173 1904 etiam
1197 1837 1258 1917 eis,
1287 1839 1401 1923 quibus
1424 1838 1614 1906 συνδιώκειν
1636 1841 1762 1902 tantum
1784 1837 1978 1925 praecipitur
2001 1844 2057 1905 aut

190 1977 359 2054 προειπεῖν
391 1968 447 2028 aut
477 1959 546 2027 sine
578 1964 754 2053 πρόρρησει
785 1984 929 2028 caussam
960 1966 1071 2027 contm
1102 1959 1339 2026 interfectorem
1367 1959 1534 2028 instituere
1561 1960 1689 2027 licuisse
1717 1967 1966 2026 consentaneum
1996 1969 2054 2028 est.

189 2087 261 2152 Iam
289 2085 369 2152 mihi
397 2084 541 2171 quaestio
569 2085 727 2150 movenda
754 2091 803 2152 est
830 2086 869 2152 de
895 2083 1000 2150 verbis
1027 2086 1119 2164 ἐντός
1144 2082 1361 2176 ἀνεψιότητος
1385 2097 1441 2152 καῖ
1464 2081 1626 2178 demae,
1660 2084 1695 2149 in
1721 2083 1836 2170 quibus
1862 2105 2055 2172 magnopere

189 2209 430 2277 haesitaverunt
461 2208 522 2274 viri
557 2209 661 2288 docti,
701 2231 844 2295 quaeque
884 2207 994 2274 multis
1028 2207 1217 2294 conjectmis
1255 2213 1378 2273 mutare
1413 2207 1519 2274 conati
1557 2213 1649 2286 sunt,
1690 2231 1768 2294 quas
1801 2213 1910 2274 tamen
1944 2231 2055 2276 omnes

189 2331 370 2420 inscriptio,
406 2332 497 2418 cujus
524 2330 694 2398 intervalla
720 2332 891 2398 lectionem
919 2331 1063 2398 codicum
1095 2332 1233 2419 perbene
1260 2331 1449 2410 admittunt,
1485 2329 1611 2397 refutat.
1669 2330 1824 2397 Lectione
1852 2337 1961 2398 autem
1994 2333 2056 2399 boc

189 2457 285 2522 modo
308 2477 365 2543 pro
389 2459 475 2521 certo
495 2454 668 2521 constituta
691 2455 767 2542 quid
789 2457 850 2522 boc
873 2456 943 2521 loco
965 2455 1062 2521 verba
1084 2454 1273 2542 significent,
1298 2478 1363 2520 non
1387 2453 1516 2522 difficile
1537 2460 1586 2521 est
1604 2454 1644 2520 ad
1667 2454 1929 2542 intellegendum.
1968 2456 2056 2522 Nam

191 2603 208 2644 e
231 2578 335 2646 uerbis
359 2601 440 2664 quae
463 2585 640 2664 sequuntur
662 2579 852 2648 συνδιώκειν
872 2581 908 2648 δὲ
930 2594 992 2648 καῖ
1011 2578 1183 2645 clarissime
1203 2584 1342 2666 apparet,
1367 2600 1430 2657 eos,
1455 2577 1510 2664 qui
1530 2579 1720 2648 cordesiana
1738 2577 1892 2665 jubentur
1912 2581 2055 2646 exclusos

191 2725 260 2770 esse
283 2725 302 2766 a
325 2703 510 2792 πρόρρησει.
569 2699 605 2768 Si
634 2700 733 2787 igitur
760 2703 844 2770 inter
873 2704 932 2769 hoa
958 2702 1139 2770 consobrini
1167 2709 1199 2768 et
1221 2701 1482 2769 consobrinorum
1508 2701 1568 2768 filii
1599 2701 1821 2782 nominantur,
1857 2709 1943 2768 certo
1969 2703 2084 2768 idem.

191 2847 256 2890 non
284 2824 454 2903 intereos,
487 2846 622 2910 quorum
645 2830 693 2890 est
715 2827 905 2918 πρόρρησις,
931 2849 999 2893 esse
1021 2833 1167 2914 possunt.
1206 2828 1299 2905 ἐντός
1323 2848 1397 2912 ergo
1424 2827 1578 2892 hocloco
1601 2824 1667 2890 vim
1693 2827 1790 2892 babet
1812 2825 2055 2914 praepositionis

192 2947 271 3016 citra
293 2953 326 3014 et
348 2955 378 3016 οῖ
400 2949 493 3025 ἐντός
517 2943 736 3038 ἀνεψιότητος
759 2962 816 3018 καὶ
839 2947 984 3040 όνεψιοῦ
1007 2956 1082 3016 sunt
1101 2949 1219 3036 egnati,
1250 2949 1305 3034 qui
1328 2949 1458 3036 propius
1481 2947 1644 3014 hominem
1667 2948 1869 3016 interfectum
1894 2949 2057 3035 attingunt

191 3095 286 3160 quam
319 3068 519 3148 consobrini,
555 3071 608 3135 vel
640 3069 752 3138 affines
784 3072 880 3161 primi
913 3075 1044 3140 secundi
1076 3072 1225 3158 tertiique
1257 3071 1382 3159 gradus.
1441 3071 1532 3156 Quae
1564 3071 1755 3158 significatio
1786 3071 1933 3138 vocabuli
1960 3075 2053 3153 ἐντός

191 3193 311 3261 firmari
336 3199 442 3281 potest
466 3193 620 3280 exemplis
642 3195 847 3280 quibusdam,
878 3197 969 3262 velut
990 3197 1111 3262 Herod.
1136 3197 1169 3276 I,
1199 3199 1219 3262 6
1251 3205 1381 3287 Κροῖσος
1404 3199 1562 3287 τύραννος
1584 3198 1716 3265 ἐθνέων
1738 3200 1806 3266 τεόν
1828 3198 1921 3276 ἐντός
1936 3193 2055 3275 ’Ἅλυος

192 3323 344 3406 ποταμοῦ
351 3371 356 3384 .
409 3316 560 3382 Eundem
583 3316 807 3406 disputationis
837 3322 934 3386 finem
958 3320 999 3386 ad
1029 3296 1124 3407 hujus
1147 3320 1210 3385 loci
1236 3321 1532 3407 interpretationem
1555 3319 1640 3405 quod
1663 3319 1778 3386 attinet
1800 3344 1829 3385 v.
1855 3320 1885 3385 d.
1909 3318 2057 3408 Philippi

192 3447 355 3508 assecutus
378 3447 435 3507 est.
479 3439 577 3508 Viam
600 3448 707 3508 autem
730 3443 832 3531 ipsam
855 3466 950 3530 quem
973 3443 1134 3531 ingressus
1158 3452 1206 3510 eat
1228 3468 1294 3510 non
1316 3443 1426 3530 utique
1449 3443 1557 3531 probo.
1599 3443 1682 3510 Cum
1703 3444 1790 3511 enim
1811 3444 1846 3509 in
1869 3443 2056 3510 universum

192 3564 367 3630 rectissime
397 3563 482 3629 dicat
508 3588 578 3651 pag.
604 3565 669 3630 598
698 3568 816 3646 ,,ἒντός
844 3567 887 3634 ist
909 3567 1071 3634 entweder
1093 3568 1237 3636 diesseits
1265 3569 1341 3633 oder
1370 3567 1556 3634 innerhalb:
1591 3569 1637 3634 im
1659 3575 1765 3635 ersten
1790 3568 1882 3633 Folle
1911 3566 2056 3635 diesseits

193 3685 282 3752 einer
303 3683 409 3764 Linie,
434 3687 555 3753 welche
574 3690 835 3776 ausgeschlossen
857 3691 908 3770 ist,
932 3691 978 3756 im
1002 3693 1134 3760 aweitan
1158 3691 1326 3758 innerhalb
1349 3691 1435 3757 eines
1456 3691 1599 3771 Kreises,
1624 3692 1736 3758 dassen
1756 3690 1943 3779 Peripberie
1965 3691 2057 3759 nicht

191 3809 425 3876 ttberscbritten
456 3810 584 3876 werden
613 3814 694 3878 soll“
729 3813 847 3900 injuria
875 3815 953 3881 haec
986 3815 1027 3881 ad
1056 3817 1152 3882 verba
1180 3818 1273 3894 ἐντός
1304 3812 1522 3908 α’νεψιότητος
1554 3822 1700 3896 revocat,
1736 3821 1773 3880 ut
1805 3815 1850 3881 eis
1883 3815 2056 3902 significari

192 3932 364 3998 contendat
386 3937 442 3998 aut
470 3933 554 3998 solos
583 3940 728 4021 agnatos,
760 3936 815 4022 qui
841 3935 972 4025 propius
1000 3938 1139 4025 aliquem
1165 3937 1329 4024 attingunt
1351 3960 1445 4023 quam
1470 3939 1666 4020 consobrini,
1698 3945 1754 4005 aut
1782 3941 1887 4006 solum
1912 3939 2055 4027 ipsorum

191 4056 392 4124 sobrinarum
420 4055 565 4122 ordinem
594 4059 729 4124 exclusis
758 4060 905 4127 omnibus
934 4061 1081 4150 propiore
1112 4061 1212 4158 gradu
1243 4061 1438 4149 propinquis.
1497 4061 1571 4129 Hoc
1603 4063 1690 4130 anim
1722 4064 1819 4129 statui
1846 4085 1912 4128 non
1938 4069 2054 4151 potest,

106 4197 112 4210 ·
192 4203 265 4246 cum
292 4179 412 4246 sobrini
439 4203 504 4245 non
532 4204 589 4268 per
617 4203 650 4246 se
678 4182 743 4248 sint
770 4182 908 4264 sobrini,
948 4185 1004 4250 sed
1030 4185 1185 4251 relatione
1209 4189 1335 4250 tantum
1358 4185 1514 4266 adeum,
1553 4187 1643 4275 cujus
1666 4186 1786 4252 sobrini
1809 4192 1893 4252 sunt.
1939 4188 2055 4272 Itaque

193 4299 374 4396 α’νεψιότης
403 4305 499 4370 etiam
527 4327 638 4370 omnes
668 4327 723 4371 eos
749 4305 944 4394 propinquos
967 4307 1097 4396 respicit
1123 4314 1155 4374 et
1178 4309 1336 4390 continet,
1372 4309 1426 4396 qui
1449 4309 1566 4376 artiore
1594 4309 1694 4397 gradu
1718 4307 1858 4396 aliquem
1881 4309 2054 4396 attingunt,

192 4449 289 4513 quam
310 4425 373 4514 ipsi
395 4427 524 4494 sobrini.
571 4427 655 4495 Tota
676 4428 775 4516 igitur
793 4428 936 4516 quaestio
956 4453 994 4497 eo
1016 4431 1108 4512 redit,
1132 4437 1170 4497 ut
1191 4435 1283 4512 ἐντός
1304 4429 1521 4525 όνεψιότητος
1545 4432 1724 4521 significare
1746 4433 1847 4522 possit
1869 4439 1925 4498 aut
1944 4455 2056 4500 omnes

191 4549 388 4638 propinquos
412 4549 491 4616 citra
513 4553 657 4618 exclusos
680 4554 885 4620 consobrinos
908 4561 964 4621 aut
986 4577 1096 4621 omnes
1118 4579 1219 4642 usque
1239 4557 1279 4623 ad
1301 4557 1442 4624 inclusos
1464 4556 1618 4624 sobrinus.
1664 4559 1779 4643 Itaque
1801 4562 1909 4622 utrum
1929 4569 2055 4643 quoque

191 4671 262 4738 loco
285 4679 407 4739 rectum
430 4675 480 4752 sit,
505 4697 523 4739 e
546 4681 614 4742 toto
640 4683 767 4744 tantum
789 4699 934 4744 connexu
958 4678 1125 4768 dijudicari
1148 4685 1262 4767 potest.
1296 4719 1339 4728 —-
1370 4681 1534 4748 Posterior
1556 4681 1777 4769 interpretatio
1807 4681 1909 4746 multo
1939 4680 2056 4746 melius

353 4989 374 5059 ¹)
410 4992 475 5044 Inda
499 4994 564 5046 mihi
587 4995 634 5047 illa
657 4994 828 5068 προειπεῖν
851 4977 944 5072 αότηῖ
971 4983 1028 5048 ἐπὶ
1050 4953 1231 5073 Παλλαδίῳ
1256 4985 1359 5069 φόνου
1385 5001 1531 5068 (Demosth.
1553 5001 1580 5052 in
1598 4999 1727 5054 Neaeram
1746 4999 1764 5069 ᾗ
1784 4998 1812 5066 e)
1831 5009 1857 5053 at
1882 4984 1939 5051 lm
1962 4985 2054 5072 φόνῳ

96 5088 103 5104 ¹
190 5074 361 5152 προειπεῖν
382 5069 427 5140 εἰς
451 5060 563 5154 ἄρειον
586 5066 695 5148 πάγον
718 5083 826 5153 (Pollux
844 5085 926 5155 vm,
954 5085 999 5154 88)
1018 5095 1076 5142 orta
1093 5104 1149 5141 εειε
1168 5087 1295 5142 videntur.

1843 5181 1859 5228 8
