4638 5644
1061 209 1211 288 ·32

250 476 343 550 γένος
368 460 390 552 ἢ
411 463 499 529 κατα
523 463 691 550 διαθήκας
727 459 774 541 (in
797 461 928 528 Macart.
957 462 1044 543 95).
1103 460 1162 529 Sin
1191 483 1285 527 nemo
1313 457 1523 528 hereditatem
1551 461 1611 528 sibi
1638 462 1804 530 vindicans
1834 466 1957 532 exstitit
1983 467 2039 533 ille
2063 470 2118 555 qui

248 587 407 675 petiverat
430 607 500 652 eam
523 583 659 671 aceepit:
708 583 746 652 Si
773 589 880 650 autem
910 585 1017 672 plures
1046 584 1179 650 eandem
1206 585 1430 651 hereditatem·
1444 585 1570 671 assequi
1597 585 1781 667 studebant,
1813 592 2006 660 διαδικασία
2034 591 2121 658 inter

249 733 303 776 coa
332 709 499 776 oriebatur.
556 707 701 794 Quisque
731 706 928 794 litigantium
957 707 1127 796 pecuniam
1160 708 1352 796 deponebat,
1386 731 1467 794 quae
1500 714 1769 801 παραααταβολή
1803 713 1968 778 nominata
1994 714 2117 780 decima

250 837 318 900 erat
345 857 418 921 pars
446 832 631 898 hereditatis
660 831 841 919 postulatae
853 833 878 914 ¹)
912 830 951 896 cf.
981 831 1066 896 Poll.
1090 831 1195 910 Vm,
1227 833 1270 896 32
1303 837 1567 922 παρακατέβαλε
1595 836 1632 900 δὲ
1663 839 1721 921 τῆς
1752 832 1865 911 οὐσίας
1894 839 1931 903 ad
1962 839 2114 906 δέκατον.

250 958 357 1043 Quam
379 955 549 1044 pecuniam
573 954 751 1041 depositam
774 955 876 1020 vietor
899 977 1010 1020 caussa
1031 953 1124 1019 finite
1146 953 1331 1042 recipiebat,
1361 954 1465 1020 victrrs
1489 954 1663 1021 amittebat.
1712 957 1794 1042 Quis
1817 963 1925 1024 autem
1947 959 2117 1046 pecuniam

250 1080 380 1146 a-victo
407 1079 460 1144 rel
487 1078 580 1143 victis
610 1079 806 1165 persolutam
834 1077 1006 1166 acceperit,
1041 1077 1179 1144 dubitari
1207 1083 1321 1164 potest.
1375 1077 1462 1144 Nam
1485 1101 1557 1142 cum
1580 1079 1754 1145 verisimile
1777 1079 1820 1146 sit
1841 1103 1913 1146 eam
1935 1082 2113 1168 pecuniam,

249 1225 346 1288 quem
378 1201 494 1287 aliquis
532 1199 710 1267 hereditate
744 1202 813 1288 jam
846 1201 1028 1289 adjudicata
1064 1201 1125 1266 sibi
1162 1200 1269 1288 potius
1301 1224 1404 1288 quam
1440 1200 1617 1288 possidenti
1654 1203 1739 1270 bona
1775 1204 1883 1269 deberi
1922 1204 2116 1270 contendens

249 1326 447 1413 deposuerat,
471 1324 625 1390 rictorem
648 1324 939 1390 remunerationem
960 1325 1105 1390 turbatae
1128 1323 1337 1411 possessionis
1360 1324 1511 1412 adeptum
1534 1347 1603 1390 esse
1626 1325 1678 1406 (ef.
1702 1327 1844 1393 Bceckh.
1869 1329 1891 1393 l.
1912 1351 1938 1394 c.
1962 1351 2034 1414 pag.
2051 1329 2114 1392 387

249 1453 282 1514 et
304 1449 448 1514 Bunsen.
473 1449 495 1512 l.
521 1471 547 1513 c.
577 1471 648 1534 pag.
673 1449 745 1529 92),
781 1447 854 1514 illas
884 1452 992 1512 tamen
1020 1447 1207 1534 sponsiones
1236 1447 1271 1511 in
1297 1446 1401 1534 prime
1430 1447 1469 1513 de
1496 1447 1673 1514 hereditate
1696 1473 1807 1516 caussa
1834 1450 1991 1538 depositas
2014 1450 2115 1516 victos

250 1571 371 1636 aerario
398 1569 526 1657 publico
553 1570 742 1658 pependisse
770 1575 908 1636 statuere
935 1571 1160 1657 praetulerim,
1189 1555 1269 1636 'cum
1295 1571 1386 1635 nulla
1408 1591 1519 1635 caussa
1540 1571 1688 1636 videatur
1709 1587 1795 1649 esse,
1832 1595 1888 1638 cur
1909 1574 1967 1638 has
1990 1595 2114 1660 quoque

250 1693 353 1760 victor
383 1698 509 1780 praeter
540 1693 750 1759 hereditatem
783 1699 1005 1781 receptamque
1037 1693 1241 1780 sponsionem
1270 1716 1362 1760 suam
1394 1697 1556 1760 assecutus
1585 1694 1635 1759 sit.
1692 1696 1734 1759 In
1763 1711 1828 1760 una
1854 1717 1978 1782 quaque
2008 1702 2115 1762 autem

250 1839 360 1883 caussa
379 1815 571 1882 hereditaria
590 1822 715 1903 praeter
730 1820 1018 1905 παρακαταβολάς
1036 1817 1133 1882 etiam
1149 1826 1332 1909 πρυτανεῖα
1350 1821 1405 1880 aut
1424 1818 1635 1904 παράστασιν
1653 1819 1815 1903 persoluta
1829 1839 1897 1884 esse
1912 1819 2115 1884 Boeckhium

250 1941 273 2004 1.
298 1963 324 2005 c.
349 1963 421 2026 pag.
446 1941 512 2004 382
535 1945 567 2004 et
591 1941 655 2004 387
681 1938 732 2020 (cf.
757 1961 828 2026 pag.
854 1941 919 2005 369
942 1946 1023 2026 sqq.)
1047 1946 1173 2005 secutus
1197 1938 1394 2005 crediderim.

408 2080 598 2146 Hereditate
618 2103 693 2146 vero
718 2086 773 2146 aut
796 2081 864 2146 filia
885 2081 1078 2146 hereditaria
1097 2081 1165 2167 jam
1189 2079 1379 2167 adjudicata,
1405 2079 1562 2164 quomodo
1582 2080 1654 2166 jure
1677 2081 1836 2166 agendum
1857 2087 1939 2147 esset
1961 2083 2038 2146 haec
2061 2083 2114 2147 lex

250 2205 390 2270 docebat.
438 2204 530 2269 Haec
551 2203 633 2269 actio
655 2224 692 2267 eo
715 2202 883 2290 praecipue
908 2202 1072 2269 differebat
1091 2204 1130 2268 ab
1150 2202 1284 2282 actione,
1309 2223 1390 2288 quae
1412 2202 1588 2268 hereditate
1609 2203 1754 2268 nondum
1773 2203 1899 2270 addicta
1918 2203 2114 2270 instituenda

250 2333 327 2406 erat,
352 2326 437 2415 quod
459 2325 612 2414 privatim
635 2325 808 2412 possessori
830 2327 987 2392 bonorum
1009 2324 1243 2392 intendebatur.
1269 2324 1363 2389 'Hac
1387 2323 1530 2389 enimin
1552 2345 1586 2389 re
1609 2349 1638 2389 v.
1663 2325 1693 2389 d.
1719 2325 1758 2390 de
1781 2328 1870 2392 Boos
1892 2329 1913 2392 l.
1932 2351 1958 2394 c.
1982 2351 2053 2414 pag.
2071 2327 2115 2392 94

250 2475 316 2537 sqq.
342 2455 426 2516 certe
450 2449 580 2527 erravit,
616 2447 671 2532 qui
693 2447 776 2513 hanc
798 2471 924 2534 qnoque
948 2448 1106 2514 actionem
1128 2446 1289 2534 publicam
1312 2446 1410 2512 fuisse
1434 2451 1478 2524 et,
1510 2446 1537 2512 si
1561 2470 1643 2511 unus
1667 2470 1810 2513 caussam
1833 2455 1943 2514 eontra
1964 2450 2115 2515 heredem

250 2571 439 2650 instituerit,
469 2572 567 2638 etiam
590 2571 743 2656 reliquos,
775 2569 830 2656 qui
852 2572 1028 2650 voluerint,
1061 2593 1257 2658 apraecone
1279 2569 1432 2633 invitatos
1456 2591 1539 2646 esse,
1575 2567 1784 2634 hereditatem
1806 2566 1914 2655 petere
1939 2570 2112 2636 contendit.

249 2698 433 2763 Nemeum
462 2695 496 2761 in
527 2693 669 2780 singulos
697 2695 843 2759 homines
870 2693 1055 2780 hujusmodi
1076 2693 1150 2758 lites
1174 2691 1380 2769 inferrentur,
1412 2713 1477 2754 non
1501 2689 1610 2768 rideo,
1641 2713 1697 2756 cur
1717 2713 1783 2755 non
1806 2690 1919 2756 eodem
1942 2691 2036 2756 modo
2061 2715 2113 2758 eas

250 2817 413 2886 institutas
436 2841 504 2884 esse
528 2840 687 2896 censeam,
722 2839 784 2903 quo
809 2816 889 2882 aliae
913 2817 947 2882 iu
970 2816 1113 2901 singulos
1135 2815 1281 2880 homines
1304 2813 1488 2878 inferendae
1511 2812 1598 2892 lites,
1628 2837 1665 2880 eo
1689 2813 1819 2893 scilieet,
1844 2837 1939 2901 quem
1961 2815 2040 2880 haec
2063 2816 2115 2880 lex

250 2943 414 3033 praecipit.
460 2941 550 3007 Fieri
573 2945 656 3007 certe
680 2940 785 3026 potuit
808 2945 840 3005 et
863 2939 1046 3027 saepissime
1069 2938 1189 3003 factum
1212 2941 1268 3016 est,
1293 2943 1330 3002 ut
1352 2937 1459 3023 plures
1482 2941 1592 3002 contra
1615 2959 1725 3017 unum,
1750 2937 1805 3024 qui
1827 2937 1960 3004 fortasse
1983 2937 2115 3003 meliore

247 3067 319 3155 juia
348 3090 444 3152 quam
473 3065 535 3152 ipsi
566 3067 731 3143 utebatur,
768 3087 801 3130 se
825 3063 1072 3149 conjungerent,
1108 3066 1145 3126 ut
1167 3083 1204 3126 eo
1229 3058 1354 3126 facilius
1381 3059 1456 3126 huic
1482 3057 1692 3125 hereditatem
1715 3059 1891 3147 eriperent,
1927 3067 2004 3145 quot
2027 3063 2115 3128 etin

250 3189 354 3278 prima
378 3189 416 3254 de
439 3187 616 3253 hereditate
642 3209 753 3252 caussa
775 3193 808 3251 et
831 3185 865 3250 in
888 3185 1126 3272 posterioribus,
1156 3189 1325 3271 postquam
1347 3182 1506 3248 hereditas
1526 3183 1594 3270 jam
1617 3181 1798 3270 adjudicata
1825 3183 1886 3263 est,
1918 3184 1988 3248 fieri
2010 3183 2115 3270 potuit

250 3311 302 3395 (cf.
327 3337 357 3377 v.
382 3312 412 3377 d.
439 3312 477 3377 de
500 3312 588 3375 Boor
611 3333 681 3396 pag.
710 3311 773 3374 100
797 3314 866 3395 sq).
915 3309 988 3393 Qua
1010 3307 1157 3394 pactione
1180 3307 1331 3394 priuatim
1354 3305 1438 3372 facta
1460 3327 1516 3392 pro
1539 3327 1572 3370 se
1596 3306 1729 3391 quisque
1752 3305 1882 3370 illorum
1904 3307 2113 3373 hereditatem

249 3435 440 3522 postulabat.
488 3434 561 3498 Hoc
584 3432 679 3498 modo
704 3432 815 3497 eodem
838 3436 980 3518 tempore
1006 3430 1166 3496 hereditas
1190 3430 1312 3514 aliqua,
1349 3427 1408 3493 etsi
1432 3427 1558 3492 addicta
1580 3433 1663 3506 erat,
1699 3429 1765 3514 peti
1787 3427 1894 3515 potuit
1916 3453 1935 3495 a
1958 3430 2110 3516 pluribus,

249 3583 314 3624 non
342 3565 450 3624 tamen
479 3581 497 3621 a
524 3578 679 3642 praecone
709 3553 836 3642 publice
865 3553 1019 3618 invitatis.
1077 3553 1153 3618 Una
1179 3558 1306 3618 tantum
1329 3549 1510 3617 conditione
1534 3547 1635 3628 actio,
1671 3555 1840 3637 postquam
1866 3551 2025 3618 hereditas
2044 3552 2113 3640 jam

250 3681 432 3769 adjudicata
466 3685 533 3757 est,
574 3699 682 3743 rursus
716 3677 845 3764 publica
879 3675 948 3740 fieri
985 3675 1127 3761 potuisse
1158 3674 1294 3740 videtur.
1356 3673 1392 3739 si
1427 3672 1513 3737 enim
1546 3673 1617 3762 quis
1654 3672 1865 3738 hereditatem
1899 3675 1986 3741 aare?
2022 3672 2113 3743 δόσιν

250 3808 423 3892 acceperat,
448 3802 552 3889 potuit
575 3801 704 3886 quidem
727 3823 764 3864 ea
786 3822 852 3863 non
875 3801 961 3866 κατα
985 3811 1076 3882 γένος
1100 3797 1213 3885 peti5),
1247 3797 1303 3861 sed
1326 3801 1419 3861 antea
1442 3799 1669 3860 testamentum
1691 3795 1817 3860 irritum
1839 3796 2022 3862 faciendum
2045 3801 2112 3862 erat

251 3929 346 4010 (Isae.
371 3931 448 3991 orat.
474 3925 534 4003 IV,
565 3925 673 4006 525).
732 3922 829 4007 Quod
855 3921 882 3986 si
906 3919 1054 4006 contigit,
1084 3943 1221 4005 aequum
1245 3924 1313 3984 erat
1338 3919 1454 3984 iterum
1478 3939 1603 3996 omnes,
1634 3917 1688 4003 qui
1711 3919 1947 4006 propinquitate
1971 3923 2026 3984 aut
2048 3919 2111 3984 elio

250 4054 441 4115 testamento
465 4046 675 4112 hereditatem
696 4047 858 4132 postulare
885 4049 1023 4131 possent,
1049 4043 1089 4108 ad
1112 4043 1286 4130 petendum
1308 4041 1434 4129 publice
1457 4041 1602 4106 inritare.
1639 4081 1682 4090 —
1718 4041 1783 4127 Qui
1806 4063 1880 4127 ergo
1903 4040 2112 4106 hereditatem

247 4174 316 4260 jam
347 4170 506 4236 addictam
534 4170 678 4256 petebat,
715 4189 928 4255 possessorem
958 4167 992 4230 iu
1019 4166 1073 4252 jus
1096 4189 1208 4230 vocare
1233 4165 1366 4230 debebat
1379 4165 1414 4247 ³).
1473 4163 1579 4249 Quam
1602 4164 1819 4242 vocationem,
1855 4186 1936 4248 quae
1959 4164 2112 4250 cujusque

251 4294 318 4361 litis
342 4293 497 4358 sollemne
521 4297 588 4356 erat
618 4290 763 4369 initium,
799 4289 851 4355 hic
875 4313 913 4356 ea
935 4288 974 4354 de
998 4311 1109 4354 caussa
1132 4311 1276 4375 expresse
1299 4275 1578 4353 commemoratam
1602 4311 1685 4365 esse,
1722 4287 1806 4373 quod
1829 4309 1866 4350 eo
1897 4286 1965 4373 ipso
1992 4288 2113 4352 haece

251 4417 355 4505 prima
388 4413 503 4502 judicii
539 4413 662 4479 ratione
701 4411 858 4490 differret,
899 4435 972 4482 cum
1008 4411 1219 4476 hereditatem
1254 4409 1397 4474 nondum
1430 4409 1642 4498 adjudicatam
1673 4409 1712 4474 ab
1744 4403 1895 4474 archonte
1930 4409 1985 4495 qui
2015 4411 2112 4474 vellet

414 4731 434 4798 l)
472 4732 636 4800 Steigerthali
659 4731 902 4784 commentationem
928 4729 1047 4782 deviet
1066 4747 1113 4783 usu
1140 4715 1422 4799 παρακαταβολῆς
1448 4729 1474 4779 in
1497 4726 1593 4780 caussis
1612 4727 1707 4779 Athen.
1729 4725 2109 4796 hereditariis.‚(Cellis1832),

251 4821 378 4890 inspicere
396 4821 459 4874 mihi
478 4837 531 4872 non
549 4820 631 4872 licuit.

413 4926 434 4994 ²)
471 4927 521 4979 nisi
539 4944 555 4979 a
574 4925 627 4978 filio
645 4941 769 4992 germano
787 4923 911 4990 defuncti,
933 4941 984 4992 quo
1004 4923 1062 4978 viro
1080 4923 1185 4978 omnino
1203 4928 1386 4979 testamentum
1405 4920 1491 4976 fecere
1509 4937 1562 4976 non
1579 4921 1684 4975 licebat.

413 5031 434 5098 ³)
472 5033 512 5086 De
531 5033 639 5098 ratione,
661 5048 713 5098 qna
732 5031 818 5096 injus
837 5031 986 5097 vocabatur,
1008 5028 1043 5082 cf.
1065 5029 1250 5096 Schoeneus,
1271 5027 1374 5082 ettisch.
1396 5026 1513 5082 Proceas.
1533 5044 1594 5093 pag.
1616 5027 1668 5079 575
1686 5043 1744 5094 sqq.
