4638 5644
1171 160 1197 239 8

244 435 342 500 quam
363 410 443 476 mihi
466 411 633 498 proposui,
663 411 790 490 attinet,
827 416 935 496 neget,
971 435 1038 478 non
1064 381 1329 479 declamationem
1355 436 1423 480 esse
1449 413 1586 480 rhetoris
1613 413 1761 502 alicujus,
1796 417 1853 482 sed
1875 415 2051 484 orationem
2076 441 2112 484 re

244 559 319 602 vera
341 533 492 612 habitam,
517 533 737 620 quaestionem
760 534 799 600 de
822 532 945 621 origine
969 533 1121 602 orationis
1143 538 1204 602 hoc
1227 538 1297 604 loco
1321 537 1451 602 missam
1474 537 1577 604 iacere
1599 537 1683 604 licet.

403 660 477 739 §5-
524 657 638 724 Restat
668 663 704 722 ut
731 657 870 723 breriter
897 662 1121 743 argumentum
1150 659 1302 726 orationis
1332 683 1502 748 exponam,
1537 659 1632 726 illum
1665 662 1720 748 qui
1754 663 1932 729 accuratius
1966 687 2110 731 caussam

244 783 365 848 discere
388 781 459 847 vult
481 779 516 846 in
540 803 593 846 eos
617 804 696 866 quos
719 779 883 845 nominavi
906 781 1003 846 libros
1026 781 1116 846 etin
1139 781 1354 848 Schoemanni
1376 783 1461 848 Isaei
1483 783 1645 850 editonem
1671 808 1743 872 pag.
1767 787 1833 851 448
1857 809 1924 873 sqq.
1949 787 2107 874 delegans.

244 905 365 992 Agitur
397 905 436 969 de
469 903 645 969 hereditate
673 903 822 990 Hagniae
853 904 911 982 Π,
948 903 1132 970 Polemonis
1167 903 1227 968 filii
1256 928 1274 970 e
1301 911 1395 992 gente
1422 906 1555 986 Buseli,
1591 908 1631 972 de
1658 931 1721 994 qua
1746 907 1831 973 Iseei
1859 932 1984 995 quoque
2008 909 2108 974 oratio

245 1028 413 1095 undecima
435 1024 543 1092 habita
566 1033 623 1092 est.
662 1028 803 1114 Appono
826 1031 961 1092 stemma
983 1026 1219 1106 Buselidarum,
1244 1035 1399 1114 quantum
1419 1053 1458 1094 ex
1479 1029 1565 1096 Isaei
1586 1035 1618 1096 et
1637 1031 1876 1098 demosthenica
1892 1055 1972 1118 quae
1994 1032 2109 1098 dicitur

245 1149 387 1218 oratione
404 1150 551 1235 cognosci
571 1155 684 1237 potest,
710 1147 834 1215 omissis
853 1149 918 1216 illis
939 1149 1129 1228 nominibus,
1154 1173 1235 1236 quae
1255 1151 1288 1216 in
1309 1150 1499 1218 testimoniis
1520 1157 1645 1218 tentum
1665 1154 1874 1241 reperiuntur.
1897 1194 1939 1202 -
1963 1155 2108 1242 Hagnias

244 1274 282 1338 11
305 1279 495 1339 testamento
519 1273 638 1351 relicto,
663 1297 726 1360 quo
747 1272 862 1340 sororis
886 1271 985 1338 filiam
1004 1271 1168 1360 adoptavit
1190 1275 1407 1362 bonorumque
1422 1298 1552 1342 suorum
1575 1276 1725 1342 heredem
1747 1276 1833 1356 iecit,
1858 1277 1959 1343 evita
1973 1278 2106 1344 decedit.

244 1397 309 1462 Illa
339 1420 464 1483 quoque
493 1396 580 1462 haud
610 1398 712 1464 multo
744 1403 817 1485 post
844 1401 969 1462 mortua
999 1393 1123 1462 Glauco
1155 1403 1187 1462 et
1215 1395 1380 1476 Glaucus,
1415 1397 1528 1464 fratres
1561 1400 1679 1466 uterini
1713 1400 1882 1486 Hagnisa,
1918 1406 2107 1466 testamento

244 1521 369 1608 prolato
395 1520 605 1586 hereditatem
627 1521 818 1608 petiverunt.
875 1520 996 1586 Contra
1021 1520 1079 1585 hos
1102 1519 1321 1606 Phylomache
1348 1520 1413 1586 lilia
1441 1521 1612 1588 Eubulidis
1634 1523 1672 1588 Π
1698 1523 1790 1589 litem
1815 1523 1955 1590 instituit
1981 1529 2108 1589 etcum

244 1648 472 1709 testamentum
498 1667 567 1709 esse
593 1643 809 1733 suppositum,
841 1641 1002 1730 judicibus
1028 1643 1254 1730 persuasisset,
1290 1643 1465 1710 hereditate
1489 1644 1592 1732 potita
1616 1653 1672 1711 est.
1720 1645 1785 1713 Sed
1811 1669 1852 1710 ne
1878 1648 1956 1712 haec
1979 1645 2108 1732 quidem

244 1767 329 1832 bona
350 1765 407 1832 illa
430 1766 486 1832 diu
507 1767 628 1833 habuit.
675 1767 791 1834 Paullo
815 1765 902 1832 enim
923 1771 995 1854 post
1018 1765 1253 1854 Theopompus,
1278 1767 1362 1834 filius
1383 1767 1568 1834 Oharidemi
1590 1767 1772 1835 consobrini
1792 1769 1977 1834 Polemonis
1997 1775 2030 1835 et
2052 1767 2108 1834 alii

243 1891 328 1956 bona
350 1890 540 1978 petiverunt.
588 1889 677 1958 Vicit
702 1891 736 1956 in
759 1889 931 1956 certamine
955 1889 1194 1977 Theopompus,
1230 1896 1397 1978 posmuam
1421 1890 1545 1978 judices
1572 1892 1612 1957 ad
1639 1913 1709 1960 eam
1734 1891 1926 1958 sententiam
1952 1892 2107 1959 &ducere

244 2013 275 2080 ei
304 2012 438 2099 contigit
468 2012 754 2099 PhylomachenI
787 2035 853 2078 nou
886 2011 983 2078 fuisse
1011 2034 1151 2078 sororem
1178 2012 1365 2082 Polemonis
1392 2016 1503 2080 eodem
1530 2021 1618 2102 patre
1646 2021 1763 2080 natam.
1812 2013 2019 2102 Theopompo
2039 2015 2108 2101 jam

245 2142 371 2202 mortuo
395 2135 570 2216 Sositheus,
595 2136 647 2204 cui
669 2137 889 2223 Phylomache
912 2136 950 2201 H
972 2157 1051 2200 uxor
1073 2135 1254 2222 adjudicata
1277 2143 1353 2216 erat,
1378 2139 1589 2204 Macartatum
1613 2138 1716 2204 lilium
1738 2137 1825 2204 illius
1852 2137 1887 2203 in
1906 2138 1960 2225 jus
1983 2137 2108 2203 vocavit

245 2258 516 2348 hereditatemque
543 2259 692 2348 repetivit
719 2259 847 2326 nomine
876 2259 935 2326 tilii
958 2258 1008 2324 sui
1034 2258 1211 2326 Eubulidas
1234 2261 1310 2338 HI,
1345 2285 1439 2347 quem
1471 2261 1579 2348 paullo
1607 2267 1680 2327 ante
1712 2261 1748 2326 in
1780 2261 1886 2328 uxoris
1918 2259 2016 2349 patris
2039 2259 2109 2347 jam

244 2383 372 2463 mortui,
397 2383 567 2450 Eubulidis
582 2384 621 2448 Π
643 2382 817 2471 phratriam
840 2383 1008 2448 induxemt
1027 2382 1158 2469 ejusque
1181 2383 1284 2448 filiurn
1304 2384 1490 2472 adoptivum
1512 2384 1638 2450 fecerat.
1686 2385 1759 2470 Qua
1781 2385 1815 2450 in
1831 2408 1925 2450 causa
1941 2383 2106 2451 Sositheus

246 2504 422 2572 orationem
448 2507 575 2586 habuit,
607 2531 688 2593 quas
717 2508 808 2573 nobis
836 2506 919 2573 inter
942 2506 1193 2572 demosthenices
1215 2507 1456 2593 quadragesima
1478 2507 1572 2574 tertia
1594 2508 1709 2574 tradita
1731 2514 1788 2574 est.

404 2629 483 2696 Jam
516 2629 556 2696 ad
588 2629 807 2716 quaestionem
840 2629 1034 2718 propositam
1069 2630 1225 2695 accedam.
1284 2629 1431 2696 Primum
1465 2637 1571 2696 autem
1606 2632 1644 2697 de
1674 2631 1884 2710 testimoniis,
1920 2629 2034 2697 deinde
2067 2631 2106 2696 de

246 2754 378 2841 legibus,
403 2753 540 2840 denique
564 2752 603 2818 de
627 2754 764 2832 oraculo,
789 2775 869 2840 quae
893 2753 967 2819 huic
992 2751 1130 2820 crationi
1152 2752 1271 2818 inserts
1294 2759 1377 2832 sunt,
1402 2777 1503 2840 agam.

1043 3017 1223 3155 ‚eaput
1258 3017 1294 3130 Ι.

939 3243 1020 3353 Ile
1055 3242 1409 3354 testimoniis.

404 3499 425 3575 ἕ
448 3497 477 3560 6.
524 3494 662 3559 Exstant
684 3492 718 3558 in
739 3492 880 3558 oratione
904 3490 1158 3558 testimoniorum
1181 3491 1338 3558 formulae
1358 3491 1535 3570 duodecim,
1561 3491 1600 3557 de
1624 3492 1737 3577 quibus
1758 3491 1823 3578 egit
1842 3493 2106 3559 Westermannus

245 3621 279 3686 in
302 3617 565 3705 Abhandlungen
593 3616 648 3682 der
676 3616 775 3682 stolis.
809 3613 1023 3680 Gesellschaft
1051 3614 1107 3680 der
1128 3613 1403 3682 wissenschaften
1432 3613 1494 3680 Bd.
1519 3615 1577 3694 H,
1613 3615 1724 3702 philol.
1755 3613 1829 3680 hist.
1857 3613 1967 3682 Classe
1997 3616 2059 3682 Bd.
2088 3617 2107 3682 I

244 3765 316 3831 pag.
342 3743 384 3808 90
407 3765 473 3828 sqq.
508 3764 680 3827 omnesque
714 3739 800 3805 haud
833 3738 987 3824 genuinas
1018 3737 1184 3824 judicavit.
1240 3739 1375 3804 Duobus
1407 3743 1562 3824 quantum
1596 3760 1655 3825 ego
1690 3737 1781 3803 video
1816 3738 1918 3804 modis
1951 3738 2106 3804 formulae

244 3865 384 3954 supponi
406 3870 579 3952 potuerunt
599 3870 654 3930 aut
676 3887 696 3929 a
718 3862 786 3928 viro
808 3861 900 3926 docto
924 3860 959 3925 in
982 3883 1076 3926 usum
1098 3863 1288 3940 scholarum,
1313 3884 1376 3947 quo
1400 3861 1513 3926 melius
1530 3861 1678 3949 discipuli
1693 3860 1870 3927 orationem
1891 3860 2107 3946 intelligerent

245 3994 303 4056 aut
325 4012 343 4054 a
365 3987 493 4054 falsario
517 4011 554 4054 eo
585 3986 732 4065 consilio,
766 3991 816 4064 ut,
852 3984 907 4071 qui
934 4007 987 4049 eas
1010 3985 1168 4070 legerent,
1204 3984 1359 4071 genuinas
1383 3985 1596 4052 aestimarent.
1653 3985 1750 4070 Quod
1772 3983 1860 4073 prius
1884 3983 2047 4050 nominari
2072 3983 2107 4050 iu

245 4112 326 4178 haec
348 4109 531 4178 testimonia
552 4133 618 4174 non
641 4109 784 4196 quadrat.
831 4109 918 4174 Nam
941 4113 1125 4195 praeceptor
1151 4108 1207 4173 ille
1231 4113 1314 4174 certe
1338 4131 1403 4174 non
1426 4107 1565 4196 quinque
1589 4113 1695 4187 testes,
1724 4109 1778 4195 qui
1801 4131 1910 4173 omnes
1933 4105 1998 4172 iere
2021 4107 2107 4173 idem

247 4232 465 4312 testificantur,
490 4232 725 4309 introduxisset,
749 4237 786 4297 ut
809 4232 846 4296 fit
867 4232 946 4312 §35
968 4255 1035 4318 sqq.
1060 4236 1092 4296 et
1112 4231 1156 4296 42
1179 4255 1257 4317 sqq,
1282 4232 1424 4298 seduno
1448 4233 1500 4298 vel
1522 4232 1645 4297 duobus
1669 4237 1836 4298 contentus
1858 4229 1979 4310 fuisset,
2004 4253 2106 4316 neque

247 4356 337 4423 aliud
359 4357 533 4444 quidquam
556 4354 745 4422 testimoniis
768 4353 970 4434 inseruisset,
1006 4354 1070 4420 nisi
1097 4353 1181 4442 quod
1204 4353 1342 4420 dilucide
1369 4355 1472 4421 verbis
1497 4355 1642 4420 oratoris·
1656 4355 1878 4442 postularetur.
1938 4349 2106 4420 Genuinae

247 4485 356 4546 autem
378 4503 485 4545 rursus
509 4479 631 4544 duobus
655 4477 757 4544 modis
780 4477 936 4543 formulae
960 4501 1027 4570 esse
1050 4483 1192 4566 possunt.
1240 4478 1310 4543 Aut
1329 4476 1416 4542 enim
1439 4479 1478 4544 sb
1501 4478 1568 4556 illo,
1593 4477 1648 4564 qui
1670 4476 1791 4564 primus
1812 4476 1912 4543 edidit
1931 4476 2108 4544 orationem

248 4608 281 4668 et
303 4602 375 4668 illas
399 4607 483 4668 certo
507 4601 618 4667 habuit
641 4601 691 4683 (of.
717 4605 737 4683 ξ
761 4603 803 4684 2),
829 4607 884 4667 aut
906 4607 1016 4689 postea
1039 4625 1058 4666 a
1081 4600 1148 4666 viro
1172 4601 1280 4678 docto,
1309 4599 1364 4686 qui
1387 4601 1459 4667 illas
1482 4601 1517 4666 in
1538 4599 1694 4667 tabulario
1718 4600 1845 4686 publico
1868 4599 2004 4680 invenit,
2032 4599 2108 4667 addi

247 4731 429 4813 potuerunt.
476 4726 542 4793 Sed
564 4749 637 4791 cum
660 4723 842 4791 testimonia
865 4730 897 4789 et
920 4725 982 4790 alia
1004 4724 1070 4790 litis
1093 4724 1314 4803 instrumenta,
1339 4723 1399 4790 etsi
1421 4723 1456 4788 in
1478 4722 1635 4788 tabulario
1658 4722 1765 4808 aliquo
1789 4747 1846 4810 per
1865 4724 1987 4808 aliquot
2007 4745 2107 4790 annos

249 4849 476 4928 servabantur,
512 4848 701 4936 praecipue,
738 4854 775 4913 ut
802 4846 875 4913 lites
906 4850 1202 4940 ψευδομαρτυριῶν
1230 4847 1355 4913 institui
1382 4851 1532 4934 possent,
1568 4852 1676 4911 tamen
1703 4845 1760 4911 illo
1787 4845 1851 4911 iarn
1878 4851 2020 4933 tempore
2042 4869 2107 4912 non

246 4977 428 5050 exstarent,
463 4995 536 5037 cum
570 4971 630 5037 viri
665 4970 749 5038 docti
784 4971 818 5036 in
853 4969 1009 5058 ejusmodi
1044 4992 1093 5034 res
1127 4968 1288 5055 inquirere
1319 4971 1496 5057 inciperent
1526 4969 1577 5050 (cf.
1606 4970 1754 5055 Droysen
1781 4969 1816 5034 in
1844 4968 2030 5036 Zeitschrift
2056 4970 2107 5036 fiir
