4638 5644
1173 202 1229 282 26

265 465 323 522 καλ
352 455 455 552 ταύτῃ
484 454 565 552 τάχη
593 449 791 540 άποκοιμένη
820 450 914 521 oriola
942 455 1067 542 ταύτην
1090 457 1245 523 καλοῦσιν
1269 458 1443 546 ἐπίκληρον
1469 457 1508 522 cf.
1538 457 1645 524 Schol.
1674 459 1714 524 ad
1737 459 1902 548 Aristepb.
1932 485 2006 528 aves
2033 464 2131 543 1650;

267 600 355 665 resp.
381 578 455 642 583.

425 701 597 766 Praeterea
616 698 670 764 vix
692 697 837 786 intellegi
857 705 970 786 potest,
995 723 1092 786 quam
1108 702 1147 767 ob
1167 723 1235 766 rem
1255 701 1418 788 legislator
1437 727 1560 772 sorores
1580 705 1721 792 aliasque
1741 709 1945 796 propinquas,
1968 714 2004 775 ut
2024 717 2134 798 postea

267 825 468 903 docebimus,
505 822 638 889 heredes
665 821 808 887 omnium
838 821 981 889 defuncti
1010 824 1166 890 bonorum
1195 826 1264 890 fieri
1291 827 1446 906 voluerit,
1482 829 1565 896 filias
1589 835 1696 896 autem
1722 854 1838 917 genere
1862 839 1946 900 certe
1973 833 2133 920 proximas

265 955 389 1038 partem
412 953 539 1014 tantum
561 945 748 1012 hereditatis
770 945 920 1012 nancisci.
946 985 987 994 —-
1012 947 1114 1014 Filiae
1137 949 1235 1035 igitur
1256 950 1385 1015 omnino
1405 952 1538 1018 heredes
1559 954 1628 1018 fieri
1647 955 1789 1041 potuisse
1809 954 1886 1021 satis
1906 955 1987 1021 mihi
2004 955 2132 1022 demon·

266 1079 381 1140 strasse
411 1071 540 1148 videor;
577 1069 790 1158 epiclerorum
821 1093 896 1135 vero
923 1071 1069 1158 nuptias,
1106 1077 1143 1138 ut
1169 1072 1404 1140 usumfructum
1430 1075 1616 1142 hereditatis
1643 1078 1789 1157 baberet,
1823 1101 1939 1165 genere
1969 1078 2131 1166 proximus

265 1183 469 1285 postulares
493 1197 719 1282 legepoterat.
778 1192 956 1278 Quaerenti
979 1199 1086 1260 autem
1113 1196 1209 1275 mihi,
1245 1197 1330 1263 unde
1358 1197 1438 1264 falsa
1464 1199 1558 1265 lectio
1582 1203 1642 1270 οδν
1665 1202 1804 1300 ταύτῃσι
1827 1207 1896 1267 orta
1918 1202 1976 1280 sit,
2012 1203 2133 1269 bacca

265 1319 394 1387 librario
425 1341 481 1406 pro
509 1321 637 1397 ταύτας
668 1317 841 1384 substituta
864 1341 931 1384 esse
962 1318 1031 1383 visa
1054 1322 1102 1384 est
1124 1326 1280 1386 commoto
1304 1321 1389 1387 Isaei
1417 1327 1493 1387 orat.
1519 1323 1576 1389 HI
1602 1329 1622 1404 ξ
1646 1326 1705 1402 68,
1742 1325 1860 1412 quippe
1887 1324 1922 1388 in
1945 1348 2008 1412 qua
2031 1331 2133 1391 exstet

266 1441 311 1513 δν
334 1446 369 1511 δὲ
393 1446 533 1531 θηλείας
555 1444 723 1540 καταλίπῃ
748 1444 808 1510 osv
830 1444 983 1520 ταύταις.
1037 1443 1153 1510 Paullo
1181 1451 1288 1511 autem
1315 1444 1492 1512 accuratius
1518 1447 1625 1513 locum
1653 1447 1836 1535 inspicienti
1866 1447 1975 1513 statim
2001 1453 2133 1536 apparet

266 1568 318 1634 hic
342 1567 381 1632 de
410 1589 443 1630 re
470 1567 566 1653 plane
590 1563 654 1630 alia
677 1563 747 1651 agi,
785 1564 907 1630 scilicet
928 1565 969 1631 de
991 1589 1047 1647 eo,
1083 1568 1169 1652 quod
1195 1573 1285 1656 pater
1310 1569 1382 1655 lege
1405 1569 1522 1636 vetitus
1546 1575 1614 1636 erat
1636 1571 1740 1636 filiurn
1763 1571 1824 1636 sibi
1847 1571 2013 1637 instituere
2037 1577 2131 1657 atque

265 1693 373 1778 legare
395 1689 575 1778 pecuniam,
603 1687 667 1754 nisi
689 1711 754 1754 una
776 1713 850 1754 cum
873 1689 998 1756 filiabus
1021 1691 1041 1756 i.
1067 1715 1093 1756 e.
1119 1691 1173 1770 ita,
1202 1698 1239 1757 ut
1261 1691 1316 1778 qui
1338 1693 1425 1759 filius
1447 1693 1667 1760 institueretur
1690 1695 1806 1782 quique
1829 1695 1972 1781 legatum
1995 1700 2130 1782 caperet,

266 1813 363 1882 etiam
387 1813 488 1878 filiam
511 1811 654 1878 defuncti
676 1813 712 1878 in
734 1811 975 1878 matrimonium
998 1814 1112 1881 ducere
1136 1820 1309 1903 cogeretur.
1351 1815 1389 1882 cf.
1415 1815 1599 1883 Sohtmann
1622 1817 1663 1883 ad
1685 1818 1767 1883 Isae.
1792 1841 1863 1904 pag.
1890 1818 1964 1882 251.

425 1935 553 2002 Deinde
585 1958 714 2023 prorsus
747 1935 828 2000 mihi
861 1942 985 2003 constat
1016 1937 1187 2004 formulam
1219 1939 1301 2004 hanc
1333 1962 1400 2005 nou
1431 1945 1531 2006 totam
1563 1942 1667 2027 legem
1701 1940 1740 2026 de
1769 1941 1842 2027 jure
1871 1941 2063 2008 hereditario
2092 1945 2131 2008 ab

265 2063 417 2130 intestato
438 2061 594 2126 exhibere.
641 2060 705 2126 Jus
726 2060 812 2125 enim
835 2059 1063 2127 hereditarium
1087 2062 1125 2126 ab
1149 2062 1299 2128 intestato
1320 2063 1433 2128 eodem
1455 2064 1557 2142 modo,
1582 2087 1644 2150 quo
1664 2063 1717 2151 jus
1737 2064 1777 2130 de
1798 2062 1893 2130 caede
1916 2053 2132 2131 involuntaria

266 2186 302 2252 in
329 2209 393 2251 uno
422 2185 529 2273 lapide
556 2181 768 2271 perscriptum
794 2183 893 2250 fuisse
920 2184 1092 2250 verisimile
1121 2191 1177 2250 est.
1236 2185 1277 2250 In
1304 2186 1400 2274 hujus
1430 2187 1558 2254 tabulae
1587 2187 1680 2252 initio
1708 2187 1872 2273 legebatur
1902 2186 1990 2268 δοτις
2013 2188 2058 2258 δν
2084 2192 2129 2277 μή

265 2313 463 2397 διαθέμενος
491 2306 654 2406 άποθάνη
683 2312 716 2372 et
745 2311 814 2372 tum
842 2313 911 2373 tota
937 2307 1188 2394 propinquorum
1215 2309 1311 2375 series
1341 2308 1480 2396 primum
1503 2310 1749 2388 descendentes,
1786 2311 1901 2378 deinde
1924 2312 2131 2378 ascendentes

265 2434 403 2522 denique
427 2433 456 2499 ei
479 2433 625 2532 cognati,
661 2429 717 2517 qui
746 2430 843 2496 hodie
866 2431 1063 2496 collaterales
1093 2430 1260 2510 dicuntur,
1297 2408 1358 2518 buo
1385 2456 1542 2519 quemque
1572 2434 1641 2499 loco
1671 2434 1881 2500 hereditatem
1908 2435 2049 2523 accipere
2080 2436 2132 2500 lex

265 2557 382 2636 voluit,
418 2556 595 2623 enumerati
624 2560 723 2620 erant.
782 2553 867 2620 Cum
890 2559 997 2619 autem
1023 2553 1124 2634 illius,
1155 2555 1210 2641 qui
1240 2558 1322 2622 hanc
1347 2556 1383 2622 in
1405 2557 1536 2623 Macart.
1562 2555 1738 2624 orationem
1766 2558 1895 2634 habuit,
1931 2558 2049 2645 quippe
2077 2558 2132 2644 qui

266 2681 476 2748 hereditatem
500 2704 517 2746 e
537 2680 610 2767 jure
633 2677 866 2745 collateralium
890 2678 1074 2766 postularet,
1106 2702 1172 2744 non
1194 2681 1362 2748 interesset
1385 2685 1485 2746 totam
1507 2680 1648 2745 tabulam
1671 2679 1706 2744 in
1728 2679 1870 2746 medium
1894 2680 2043 2767 proferre,
2075 2682 2132 2748 sed

265 2829 303 2871 ea
330 2809 456 2870 tantum
483 2807 672 2892 praecepta,
709 2825 790 2887 quae
818 2801 859 2867 ad
889 2824 1032 2868 caussam
1056 2802 1211 2889 agendam
1241 2804 1455 2891 pertinerent,
1492 2825 1531 2868 ex
1554 2803 1814 2870 antecedentibus
1844 2804 1944 2882 nihil,
1980 2803 2043 2869 nisi
2074 2803 2132 2870 illa

264 2929 374 3008 verba,
400 2927 530 3013 quibus,
556 2926 681 3012 quade
708 2949 742 2990 re
768 2925 803 2990 in
828 2925 1032 3010 sequentibus
1056 2932 1218 3012 ageretur,
1247 2927 1424 2994 indicatum
1447 2931 1529 3005 erat,
1564 2913 1680 2991 attulit.
1728 2925 1814 3010 Quia
1836 2950 1921 3006 vero,
1946 2928 1974 2993 si
1996 2927 2132 2992 scribam

263 3053 370 3139 legere
400 3051 547 3138 jussisset
573 3047 660 3127 δοτις
691 3047 735 3118 δν
757 3051 802 3138 μή
827 3052 1024 3135 διαθέμενος
1048 3047 1226 3149 άποθάνη,
1261 3053 1324 3120 ἐάν
1357 3053 1392 3119 δὲ
1423 3053 1469 3138 μή
1501 3052 1612 3128 τούςδε
1641 3077 1669 3115 κ.
1694 3077 1722 3117 τ.
1747 3053 1793 3128 λ.,
1828 3051 1888 3115 boc
1914 3073 2044 3116 sensum
2066 3072 2132 3115 non

264 3174 471 3264 praebuisset,
495 3197 593 3240 unam
616 3197 656 3239 ex
677 3173 768 3252 serie,
794 3195 875 3258 quae
899 3172 1078 3252 antecessit,
1103 3174 1364 3240 descendentium
1387 3175 1522 3241 classem
1545 3172 1676 3238 addidit.
1724 3171 1983 3256 Quamobrem
2006 3176 2131 3252 παῖδας

264 3303 405 3387 θηλείας
429 3297 658 3376 nominaverit,
692 3319 881 3382 cognoscere
904 3295 1081 3375 nonlicet,
1116 3297 1191 3382 quia
1213 3298 1396 3385 ignoramus
1419 3322 1481 3385 quo
1509 3300 1579 3365 loco
1603 3298 1637 3363 in
1660 3296 1919 3364 antecedentibus
1944 3297 1982 3362 de
2006 3296 2131 3363 filiabus

264 3419 408 3488 defuncti
437 3421 476 3486 ab
504 3420 655 3488 intestato
683 3426 889 3508 praeceptum
916 3420 967 3486 sit.
1004 3457 1047 3466 -—
1081 3417 1137 3484 Ad
1165 3420 1353 3508 explicanda
1376 3420 1560 3508 sequentia,
1597 3444 1677 3508 quae
1700 3421 1740 3486 de
1762 3419 1997 3486 collateralibus
2021 3425 2129 3506 agunt,

263 3543 396 3610 maximi
418 3544 572 3611 momenti
595 3549 670 3610 sunt
692 3543 777 3610 Isaei
801 3549 879 3609 orat.
903 3543 961 3608 XI
983 3548 1004 3624 ξ
1029 3543 1045 3606 1
1071 3548 1104 3610 et
1127 3544 1163 3622 2,
1197 3566 1278 3629 quae
1305 3551 1473 3633 praecepta
1495 3569 1515 3610 a
1537 3547 1607 3632 lege
1630 3545 1700 3632 ipsa
1722 3553 1968 3634 συντομωτέρως
1992 3541 2132 3608 exhibita

263 3669 407 3757 pluribus
434 3667 539 3734 verbis
567 3673 749 3757 exponunt:
782 3665 804 3734 δ
826 3668 862 3735 δὲ
885 3670 983 3754 νόμος
1006 3679 1081 3755 περὶ
1105 3664 1250 3755 άδελφοῦ
1273 3671 1451 3758 χρημάτων
1474 3673 1606 3758 πρῶτον
1628 3665 1781 3755 α’δελφυτς
1804 3695 1839 3734 τε
1865 3678 1921 3734 καὶ
1945 3663 2131 3753 άδιλφιδοῒς

264 3806 423 3882 πεποίηκε
452 3793 513 3882 τήν
543 3794 777 3881 κληρονομίαν,
813 3789 858 3861 δν
889 3787 969 3861 ctae
998 3789 1215 3881 δμυπάτορες·
1254 3795 1349 3860 τοῦτο
1382 3793 1447 3880 γάρ
1476 3794 1643 3877 ἐγγυτάτω
1673 3795 1733 3859 τοῦ
1761 3792 2011 3881 τελευτήσαντος
2039 3799 2131 3871 γένος

262 3919 364 3986 ἐστίν·
396 3919 459 3985 ἐάν
482 3918 515 3983 δ’
538 3911 627 3988 οὗτοι
649 3918 694 4004 μή
719 3913 789 3995 αἷσι,
816 3917 964 4006 δεύτερον
987 3913 1135 4003 α’δελφάς
1158 3913 1367 4004 ὁμοπατρίας
1395 3918 1489 3983 καλοί
1509 3929 1566 3983 καὶ
1594 3918 1718 3994 παῖδας
1741 3917 1816 3992 roric
1839 3916 1875 3982 ἐκ
1897 3915 2034 3982 τούτων·
2069 3914 2132 3980 ἐάν

263 4044 367 4130 δέμή
392 4036 463 4118 ador,
488 4054 584 4132 τρίτῳ
608 4050 696 4125 γίνοι
718 4041 829 4108 δίδωσι
852 4042 912 4128 τήν
935 4037 1135 4126 άγχιοτείαν,
1161 4035 1313 4128 άνεψιοῑς
1336 4041 1419 4128 πρδς
1442 4043 1569 4128 πατρδς
1591 4052 1703 4129 μέχρις
1727 4036 1882 4127 α’νεψιοῖν
1904 4037 2044 4104 παίδων.
2069 4038 2133 4104 ἐάν

263 4167 301 4233 δέ
323 4175 380 4233 καὶ
402 4169 491 4234 τοῦτ’
521 4166 652 4262 ἐκλείπη
676 4167 713 4230 ao*
737 4175 847 4248 ytres,
879 4164 984 4232 πάλιν
1013 4165 1234 4252 ἐπανέρχεται
1256 4173 1313 4266 καὶ
1338 4176 1425 4230 ποιεί
1445 4167 1520 4241 τοδς
1548 4165 1629 4253 πρδς
1655 4164 1776 4251 μητρδς
1802 4164 1861 4227 τοῦ
1883 4160 2132 4248 τελευτήσαντος

262 4301 390 4378 κυρίους
420 4285 549 4367 αὐτῶν,
584 4289 671 4356 κατα
700 4283 809 4356 sadra
839 4290 1000 4378 καθάπερ
1023 4300 1090 4364 τοῖς
1119 4289 1202 4378 πρδς
1229 4289 1356 4376 πατρδς
1378 4288 1417 4366 ἐξ
1441 4283 1544 4377 άρχῆς
1567 4288 1674 4354 ἐδίδου
1700 4288 1760 4372 τήν
1783 4287 2011 4372 κληρονομίαν.
2063 4283 2132 4346 Lex

264 4411 364 4498 igitur·
393 4411 533 4498 primum
562 4410 675 4477 fratres
707 4412 819 4477 eodeni
848 4417 938 4498 patre
968 4415 1058 4475 natos
1090 4432 1262 4494 eorumque
1288 4409 1405 4475 liberos
1428 4409 1469 4474 ad
1495 4409 1727 4476 successionem
1750 4412 1850 4472 vocat.
1906 4408 2131 4472 Buerrnannus

263 4535 286 4600 l.
312 4559 338 4601 c.
367 4558 438 4622 pag.
464 4535 529 4600 359
559 4534 594 4599 in
617 4557 654 4600 eo
678 4534 825 4613 offendit,
861 4532 948 4619 quod
974 4531 1007 4596 in
1040 4532 1144 4618 priore
1171 4535 1313 4600 membro
1339 4533 1434 4620 hujus
1458 4531 1616 4598 enuntiati
1642 4531 1676 4596 in
1699 4533 1769 4617 lege
1793 4530 1883 4595 deest
1905 4531 2037 4595 verbum
2059 4550 2132 4593 con·

261 4657 403 4746 iecitque
436 4665 510 4746 post
544 4656 749 4748 ὁμοπάτορες
785 4679 853 4723 esse
888 4655 1094 4722 inserendum
1127 4672 1271 4746 κρατιῒν.
1336 4656 1409 4722 Ηοο
1444 4662 1551 4721 autem
1589 4655 1843 4741 intellegendum
1878 4660 1977 4719 esset:
2019 4652 2132 4716 fratres

245 4781 409 4848 'defuncti
446 4781 592 4848 omnibus
628 4781 683 4868 qui
712 4787 890 4866 sequuntur
924 4779 1145 4846 antecedunto.
1208 4781 1365 4847 Attamen
1392 4780 1505 4846 fratres
1534 4803 1600 4844 non
1631 4778 1706 4844 filiis
1735 4778 1889 4854 fratrum,
1926 4775 2044 4862 quippe
2077 4772 2132 4862 qui

265 4911 393 4994 patrum
424 4909 548 4992 partem
580 4904 779 4991 acciperent,
816 4905 1099 4991 anteponebantur.
1162 4903 1247 4970 Oum
1279 4926 1355 4969 vero
1388 4909 1425 4968 ut
1455 4905 1552 4970 verba
1584 4907 1709 4968 exstant
1742 4902 1782 4967 ad
1813 4903 1876 4969 ἐάν
1904 4907 1966 4985 μὲν
1997 4896 2134 4986 άδελφοὶ

265 5025 346 5098 οἶσιν
366 5027 570 5121 δμυπάτορες
594 5028 812 5094 subaudienda
835 5035 940 5094 essent
964 5029 1059 5094 verba
1082 5026 1247 5114 sequentia
1269 5030 1329 5118 τήν
1352 5031 1411 5094 τοῦ
1434 5028 1561 5114 πατρδς
1583 5040 1704 5115 μοῖραν
1726 5027 1917 5111 λαγχάνειν,
1943 5023 2004 5088 hoc
2027 5029 2134 5088 autern
