4638 5644
1107 177 1163 255 27

196 453 326 496 sensum
348 453 414 494 non
437 431 611 517 praeberet,
637 453 695 516 ego
718 428 848 515 quidam
871 433 944 515 post
966 425 1171 518 ὁμοπάτορες
1193 428 1383 494 inseruerim
1406 430 1596 514 λαγχάνειν,
1622 429 1662 495 de
1686 429 1776 517 cujus
1799 430 1947 497 vocabuli
1969 432 2002 497 vi
2025 430 2065 498 cf.

199 555 396 619 Buermann.
422 555 443 618 l.
468 577 493 619 c.
519 575 589 641 pag.
615 553 690 618 374.
738 552 867 618 Fratres
890 550 991 637 igitur
1011 551 1130 618 mortui
1152 557 1254 616 totam
1276 551 1485 626 herecbtatem
1508 552 1654 630 adibant;
1679 552 1707 618 si
1730 557 1837 618 autem
1860 552 1932 638 quis
1954 575 2066 622 eorum

196 679 264 765 jam
288 683 362 742 anta
386 677 571 742 defunctum
595 676 634 740 ab
657 675 808 742 intestato
832 681 977 740 mortuus
1000 680 1081 754 erat,
1115 673 1175 739 filii
1198 674 1266 762 ejus
1295 679 1421 740 tantum
1445 673 1642 762 accipiebant
1665 680 1820 761 quantum
1848 674 1940 764 pater
1966 677 2066 765 irnpe-

197 801 358 879 travisset,
390 799 419 865 si
442 799 544 864 adhuc
569 798 777 886 superfuisset
799 797 896 884 idque
919 798 1004 864 inter
1026 821 1060 864 aa
1083 795 1277 864 dividebant.

278 995 282 1004 ,
357 925 509 1009 Magnam
533 921 741 988 offensionem
771 923 924 1008 praebent
946 923 1043 988 verba
1069 944 1150 1008 quaa
1178 927 1354 1007 sequuntur
1381 923 1443 992 ἒάν
1470 925 1507 990 δὲ
1532 924 1577 1011 μοὶ
1603 919 1740 1010 ἀδελφοὶ
1763 919 1845 993 οἶσιν
1866 922 1889 1012 'l
1912 921 2067 1012 ἀάελφάν

198 1050 326 1126 παῖδες,
351 1049 388 1128 ἐξ
411 1042 524 1118 odaria
543 1048 630 1114 νατά
651 1043 760 1116 ταάτά
781 1048 973 1131 λαγχάνειν,
999 1069 1080 1132 quae
1103 1045 1262 1130 quomodo
1286 1044 1403 1110 tradita
1424 1050 1500 1110 sunt
1523 1045 1653 1110 omuino
1672 1045 1817 1132 intellegi
1837 1069 1902 1112 non
1922 1051 2064 1134 possunt,

198 1193 293 1255 quam
326 1171 366 1235 ob
399 1193 467 1235 rem
501 1169 562 1234 viri
595 1168 681 1234 docti
713 1149 823 1234 multis
856 1168 1047 1255 conjecturis
1077 1191 1114 1234 aa
1146 1191 1257 1234 sanare
1287 1169 1487 1234 studuerunt.
1543 1169 1728 1236 Bunsanius
1752 1171 1773 1235 l.
1798 1193 1824 1236 c.
1853 1193 1925 1258 pag.
1951 1171 1993 1235 29
2017 1193 2063 1255 sq.

198 1295 333 1374 (annot.)
357 1299 431 1359 anta
454 1296 492 1373 l}
514 1290 628 1363 αάτῶν
650 1293 790 1358 inserere
812 1292 883 1357 vult
905 1289 1054 1380 ἀδελφάς
1076 1303 1134 1360 καλ
1156 1295 1282 1371 παῖδας
1305 1295 1343 1372 ἐξ
1363 1289 1476 1360 adesir
1499 1295 1692 1380 λαγχάνειν·
1718 1295 1781 1363 lav
1800 1297 1837 1362 δὲ
1856 1297 1900 1382 μή
1922 1291 2066 1380 ἀδελφαὶ

198 1412 278 1486 ἀσιν
307 1415 329 1506 ἢ
359 1418 476 1495 παῖδες
505 1419 543 1496 ἐξ
576 1414 688 1487 aecae
718 1413 882 1509 ἀνεψιοάς
913 1427 970 1484 καλ
1003 1417 1139 1495 παῖδας,
1174 1439 1254 1500 quae
1282 1415 1464 1503 conjectura
1496 1415 1568 1481 ideo
1595 1415 1764 1482 refutanda
1790 1423 1855 1496 est,
1892 1415 1967 1502 quia
1998 1437 2065 1482 non

199 1539 347 1626 congruit
370 1561 442 1604 cum
465 1561 519 1618 ec,
554 1539 640 1624 quod
663 1541 775 1605 Isaeus
802 1539 837 1604 in
861 1544 939 1606 orat.
963 1537 1021 1603 XI
1043 1541 1107 1620 §3
1136 1539 1174 1604 da
1202 1541 1273 1625 lega
1295 1538 1388 1616 dicit,
1423 1561 1493 1604 eam
1520 1541 1581 1618 τάς
1605 1536 1793 1626 ἀγχιστείας
1816 1551 2065 1630 συντομωτέρως

198 1677 264 1743 τοῖς
288 1665 432 1754 ῥήμασιν
459 1685 555 1749 quam
576 1662 684 1750 ipsum
706 1663 863 1728 exhibere.
919 1659 1108 1729 Schaeferus
1131 1668 1271 1749 apparat.
1296 1661 1376 1728 criti.
1401 1686 1428 1728 a.
1453 1663 1485 1726 h.
1510 1662 1531 1726 l.
1557 1667 1631 1726 ante
1658 1665 1696 1743 ἐξ
1718 1661 1832 1734 αάτάν
1853 1666 1943 1742 τούς,
1977 1687 2007 1728 v.
2032 1662 2062 1728 d.

199 1789 239 1852 de
262 1789 350 1852 Boor
372 1787 438 1852 1.ο.
463 1811 534 1874 pag.
552 1788 596 1850 35
619 1788 745 1864 παῖδας
768 1785 971 1851 scribendum
990 1807 1058 1850 assa
1081 1791 1205 1872 putant,
1230 1808 1366 1871 quornm
1388 1785 1515 1871 utrique
1535 1786 1647 1864 obstat,
1673 1787 1759 1871 quod
1778 1786 1887 1852 elassis
1910 1791 2064 1873 nepotum

199 1909 334 1976 fratrum
357 1911 396 1976 eb
419 1911 512 1976 Isaeo
540 1931 606 1973 non
633 1909 832 1988 nominatur,
867 1915 899 1976 et
922 1908 1008 1995 quod
1031 1906 1143 1979 αάτοῖν
1165 1908 1270 1974 verbis
1296 1909 1357 1975 hoc
1380 1911 1474 1976 modo
1498 1907 1678 1976 constitutis
1701 1907 1904 1976 referendum
1928 1914 2010 1975 asset
2033 1914 2065 1974 at

199 2034 239 2098 ad
262 2031 404 2121 ἀδελφοί
423 2039 455 2098 at
478 2031 518 2098 ad
542 2030 695 2119 ἀδελφῶν
719 2036 853 2112 παῖδες,
889 2040 918 2100 ολ
942 2037 1049 2097 autem
1072 2035 1109 2112 ἐξ
1131 2029 1285 2119 ἀδελφῶν
1315 2033 1345 2097 ei
1372 2039 1462 2112 sunt,
1498 2033 1552 2119 qui
1580 2055 1646 2098 non
1675 2031 1860 2120 superstites
1890 2037 2015 2120 ponunt
2056 2085 2062 2096 .

200 2157 288 2222 Ante
311 2155 419 2222 omnia
446 2155 481 2220 in
508 2156 612 2221 varbis
641 2154 848 2220 emendandis
871 2156 982 2221 Isaaus
1010 2157 1031 2220 l.
1056 2179 1082 2221 c.
1106 2155 1322 2244 respiciendus
1346 2161 1395 2222 est
1417 2163 1449 2222 et
1471 2158 1523 2222 lax
1546 2179 1620 2222 aum
1646 2155 1681 2220 in
1704 2155 1836 2222 modum
1858 2157 2063 2236 restibrenda,

199 2285 236 2344 ut
259 2303 332 2344 oum
355 2303 392 2344 eo
415 2283 585 2364 congruat,
619 2277 665 2344 ita
687 2283 809 2357 temen,
843 2283 880 2344 ut
902 2278 944 2344 sit
966 2291 1212 2370 συντομωτέρως
1235 2293 1300 2358 τοῖς
1325 2281 1476 2370 ῥήμασιν.
1523 2281 1576 2344 Ex
1598 2281 1691 2345 Isaeo
1715 2285 1822 2345 autam
1845 2279 2065 2366 cognoscimus

199 2404 304 2489 legem
331 2409 404 2489 post
430 2401 544 2467 fratres
567 2423 740 2486 eorumque
770 2400 887 2467 liberos
914 2423 1037 2468 sorores
1065 2407 1097 2468 at
1127 2410 1219 2469 natos
1242 2427 1282 2468 ex
1308 2401 1348 2468 iis
1372 2403 1413 2468 ad
1439 2401 1671 2470 successionem
1694 2402 1866 2468 vocavisse.
1920 2401 2066 2487 Quarum

199 2527 348 2604 classem,
385 2549 457 2590 cum
487 2524 522 2590 in
549 2526 620 2611 laga
655 2524 814 2611 quomodo
844 2524 961 2591 tradita
988 2531 1037 2592 est
1070 2526 1190 2592 mentio
1221 2527 1289 2615 ejus
1318 2550 1383 2592 non
1407 2529 1477 2606 fiat,
1515 2526 1623 2612 aliquo
1651 2526 1745 2591 modo
1773 2524 1974 2591 inserendam
1997 2548 2065 2590 essa

200 2655 340 2736 apparet.
398 2647 615 2734 Sabellingius
643 2647 772 2734 quidem
802 2649 824 2712 l.
850 2671 875 2714 o.
907 2671 979 2736 pag.
1008 2649 1070 2713 115
1100 2653 1192 2736 putat
1221 2651 1317 2716 verbo
1348 2648 1501 2738 ἀδελφοῖς
1529 2656 1562 2715 et
1587 2648 1699 2714 fratres
1723 2655 1756 2714 at
1778 2671 1899 2714 sorores
1924 2647 2066 2714 defuncti

199 2770 383 2858 significari.
440 2771 547 2856 Quam
579 2770 770 2836 sententiam
802 2771 1034 2859 ineptissimam
1066 2778 1150 2838 recte
1183 2773 1408 2840 Buarmannus
1440 2775 1461 2839 l.
1491 2797 1517 2840 o.
1551 2797 1622 2861 pag.
1648 2773 1713 2838 354
1745 2795 1791 2857 sq.
1826 2771 1967 2838 refutans
1996 2745 2092 2860 ipss·

199 2895 358 2960 Maiarum
391 2900 518 2960 secutus
553 2891 701 2981 ἀδελφάς
732 2905 790 2962 καλ
823 2897 948 2974 παῖδας
981 2898 1017 2975 ἔξ
1050 2893 1164 2964 adesir
1197 2897 1399 2964 scribendum
1434 2897 1608 2985 proposuit.
1666 2896 1827 2982 Equidem
1859 2895 2066 2983 praetulerim

199 3016 347 3105 ἀδελφάς
371 3017 578 3107 ὁμοπατρίας
599 3019 859 3098 reinculcat}
881 3015 994 3088 adacio
1016 3020 1125 3106 paullo
1150 3020 1325 3086 accuratius
1348 3044 1400 3086 me
1424 3019 1587 3108 applicans
1610 3019 1651 3086 ad
1673 3021 1769 3086 verba
1792 3019 1886 3085 Isaei.
1933 3020 2066 3084 Lacuna

200 3148 308 3208 autam
335 3142 409 3208 inda
438 3147 507 3206 orta
535 3164 603 3206 essa
631 3140 773 3220 videtur,
809 3146 845 3206 ut
871 3140 1019 3206 librarius
1047 3165 1067 3206 a
1096 3146 1213 3222 παῖδες
1237 3144 1278 3209 ad
1304 3148 1429 3223 παῖδας
1460 3145 1619 3210 aberraret
1646 3144 1742 3210 verba
1777 3167 1857 3230 quas
1891 3142 2066 3208 intererant

199 3267 360 3332 omittens.
408 3265 514 3350 Quem
537 3286 676 3330 errorem
699 3263 734 3328 in
757 3263 916 3331 codicibus
940 3265 1124 3350 saepissime
1148 3290 1311 3333 occurrere
1334 3268 1411 3334 satis
1434 3272 1555 3332 notum.

357 3404 489 3479 κρατεῖν
513 3391 549 3456 δὲ
572 3391 646 3466 τούς
671 3384 812 3478 ἀρρενας
836 3401 893 3455 καλ
915 3391 990 3466 τούς
1013 3391 1049 3456 ἐκ
1071 3395 1139 3458 τῶν
1162 3387 1324 3480 ἀρρένων,
1355 3393 1418 3461 dciv
1441 3395 1477 3460 ἐκ
1504 3396 1571 3460 τῶν
1595 3387 1708 3461 aviaria
1731 3386 1791 3459 oica
1814 3400 1871 3457 act
1893 3390 1956 3458 ἔάν
1978 3401 2066 3473 γένει

199 3509 375 3601 ἀπωτέρω.
426 3511 490 3577 His
518 3512 553 3577 in
575 3510 679 3577 verbis
703 3509 898 3598 explicandis
921 3511 1063 3576 virorum
1086 3512 1250 3580 doctorum
1278 3514 1454 3580 sententiae
1477 3515 1571 3580 valde
1599 3515 1832 3580 fluctuaverunt
1858 3535 1961 3598 nequa
1984 3511 2065 3578 mihi

199 3633 326 3723 saepius
349 3658 417 3699 rem
440 3634 654 3700 consideranti
677 3635 718 3700 ad
740 3640 860 3700 certam
882 3635 921 3698 de
945 3633 1075 3700 illorum
1097 3637 1266 3702 verborum
1288 3637 1321 3702 vi
1344 3637 1536 3704 sententiam
1559 3638 1725 3726 parvenire
1746 3635 1889 3722 contigit.
1936 3636 2065 3700 Isaeum

198 3757 343 3843 quidem,
375 3757 431 3843 qui
454 3757 489 3822 in
512 3763 589 3824 orat.
614 3759 685 3825 VH
708 3761 728 3839 ἕ
752 3759 795 3824 20
818 3757 995 3836 contendit,
1027 3759 1087 3825 hoc
1110 3767 1314 3848 praecaptum
1338 3784 1419 3840 non,
1455 3761 1519 3827 nisi
1541 3762 1580 3827 de
1604 3757 1801 3826 consobrinis
1825 3766 1857 3826 at
1879 3757 2066 3847 propinquis

199 3904 315 3967 genere
348 3881 570 3947 remotioribus
592 3883 698 3947 valere
730 3881 790 3947 hoc
813 3889 917 3948 astuta
940 3905 978 3948 eo
1002 3883 1135 3948 consilio
1167 3881 1290 3960 facere,
1326 3890 1362 3949 ut
1393 3885 1453 3950 boc
1486 3883 1580 3950 modo
1604 3884 1729 3972 judices
1756 3882 1792 3948 in
1818 3906 1912 3948 suum
1942 3888 2066 3969 partam

199 4006 314 4085 trahat,
339 4007 565 4071 Buermannus
588 4005 669 4070 mihi
691 4004 849 4092 persuasit
879 4006 912 4087 (l.
937 4029 963 4072 c.
986 4029 1059 4094 pag.
1085 4007 1150 4071 365
1174 4013 1265 4094 sqq.).
1312 4007 1399 4072 Nam
1422 4013 1455 4072 et
1477 4030 1585 4073 seeum
1608 4008 1727 4096 ipsum,
1760 4006 1844 4093 quod
1862 4007 1931 4094 jam
1956 4005 2065 4072 Sobel·

201 4129 320 4215 lingius
343 4131 365 4194 l.
391 4152 416 4194 a.
441 4153 514 4216 pag.
541 4129 602 4192 121
629 4128 854 4194 animadvertit
877 4134 1005 4194 etcum
1028 4129 1194 4195 Demosth.
1219 4130 1254 4195 in
1277 4130 1474 4196 Leocharem
1497 4135 1517 4212 g
1542 4133 1583 4195 12
1605 4132 1735 4196 Isaeum
1757 4153 1900 4218 pugnare
1923 4133 2063 4216 apparat.

200 4253 358 4318 Attamen
380 4275 446 4317 non
469 4252 624 4317 assentior
644 4253 850 4318 Buermanno
874 4253 970 4317 verba
992 4253 1053 4319 hoc
1075 4253 1169 4318 modo
1191 4253 1330 4319 vertenti
1353 4260 1385 4319 at
1408 4253 1631 4341 interpretanti
1655 4223 1739 4342 (pag.
1757 4255 1851 4336 372);
1892 4253 1938 4318 Es
1961 4252 2065 4317 sollan

201 4376 263 4440 den
285 4376 416 4462 Vorzug
445 4376 549 4440 haben
573 4376 624 4442 die
647 4377 784 4440 Mtnner
811 4375 877 4440 und
908 4375 959 4440 dia
982 4376 1228 4442 Nachkommen
1251 4376 1308 4442 der
1330 4379 1481 4456 Munnar,
1518 4379 1639 4444 sowohl
1668 4400 1762 4443 wenn
1793 4376 1839 4445 sie
1870 4376 1933 4458 (dia
1958 4374 2065 4439 Nach-

199 4499 363 4580 kommen)
396 4521 461 4562 von
492 4498 601 4563 diesen
635 4499 710 4581 (den
735 4499 905 4581 Mannem)
939 4501 1036 4564 selbst
1068 4499 1275 4565 unmittelbar
1306 4501 1522 4580 abstammen,
1560 4502 1607 4567 als
1634 4500 1736 4580 auch,
1773 4523 1867 4566 wenn
1893 4499 1939 4564 sie
1966 4499 2065 4563 ihnan

200 4621 375 4687 entfamter
397 4623 562 4689 verwandt
592 4623 634 4704 (d.
659 4623 690 4687 h.
715 4646 776 4687 nur
798 4622 867 4687 ihre
891 4622 1097 4688 mittelbaren
1119 4623 1378 4706 Descendentan)
1407 4624 1489 4690 sind.
1536 4624 1627 4709 Quae
1652 4623 1820 4710 explicatio
1839 4622 1909 4710 jam
1932 4644 2003 4686 eam
2026 4623 2065 4688 ob

200 4767 344 4810 caussam
367 4745 457 4810 nullo
482 4745 574 4811 modo
598 4747 723 4832 probari
746 4752 859 4835 potest,
885 4747 960 4832 quia
983 4746 1131 4811 abhorret
1154 4747 1192 4810 ab
1220 4770 1280 4812 usu
1303 4747 1431 4833 linguae
1464 4731 1604 4834 graecae.
1651 4746 1685 4812 N
1687 4769 1739 4810 am
1768 4753 1797 4813 ot
1821 4742 1921 4818 αάτοί
1940 4745 1974 4809 in
1997 4727 2066 4810 ver-

203 4868 317 4933 nacula
339 4868 451 4954 lingua
473 4869 631 4955 signifieat
654 4869 830 4948 diesalben,
861 4893 926 4936 non
952 4875 1061 4934 autam
1089 4868 1174 4934 disse
1205 4871 1351 4954 selbstl).
1388 4910 1431 4917 -
1465 4871 1636 4935 Praeterea
1659 4873 1803 4934 constare
1832 4869 1912 4934 mihi
1939 4868 2068 4936 videtur

362 5008 382 5076 ¹)
420 5011 455 5063 cf.
477 5012 552 5064 Blaas
570 5012 597 5063 in
616 5011 856 5079 Jahresbericbten,
885 5011 1093 5079 berausgegabeu
1111 5029 1163 5064 von
1181 5011 1292 5064 Bursian
1313 5015 1379 5064 1877
1400 5029 1459 5078 pag.
1481 5013 1532 5064 287
1552 5028 1591 5078 sq.
