4638 5644
1168 205 1226 284 24

260 457 397 544 quadrat
418 456 452 522 in
472 458 579 522 locum
593 456 721 523 Platon.
745 455 786 520 de
805 455 930 542 legibus
952 457 1017 536 IX,
1040 459 1103 522 871
1125 458 1165 523 Β.
1190 457 1212 527 o‘
1232 463 1270 528 δὲ
1290 463 1335 551 μη
1356 464 1499 542 ἐπεξιιδν
1518 465 1592 531 δέον
1612 462 1694 554 ἢμη
1712 470 1943 558 προαγορεύων
1958 477 2129 561 εἴργεσθαι

260 587 328 651 τεόν
350 583 443 660 ἐντός
467 579 687 674 ἀνεψιότητος
718 582 800 670 πρός
828 575 1018 672 ἀνδρῶντε
1046 593 1103 650 καὶ
1125 589 1292 668 γυναικοῖν
1320 587 1488 676 προςῆτιιν
1514 592 1563 678 sq?
1589 592 1820 678 τελευτήσαντι
1845 620 1874 659 κ.
1899 619 1926 660 τ.
1952 597 2000 672 λ,
2032 619 2128 682 quem

260 706 367 772 locum
397 731 426 770 v.
452 706 481 772 d.
506 704 653 793 Philippi
675 704 752 770 satis
776 704 927 770 audacter
948 727 1025 770 suae
1048 704 1305 794 interpretationi
1327 709 1518 797 subjungere
1546 711 1661 779 studet.
1714 713 1809 781 Certe
1832 714 1883 780 his
1906 717 2010 782 verbis
2032 716 2127 784 Plato

260 831 301 897 ad
323 830 471 896 instituta
494 827 710 895 Atheniensia
732 834 855 917 spectat
866 830 900 910 ¹).
948 828 1033 896 Oum
1055 835 1163 896 autem
1185 833 1356 912 ἐπεξιέναι
1379 831 1465 898 idem
1491 833 1542 913 sit,
1567 835 1652 921 quod
1674 835 1709 901 in
1731 837 1792 904 hac
1814 841 1885 926 lege
1910 842 2129 916 (ουν)διιόιιειν

260 955 355 1020 Plato
379 953 458 1019 duas
486 952 559 1019 illas
586 952 839 1039 propinquorum
866 953 982 1018 classes
1010 953 1080 1039 lege
1108 953 1274 1022 distinctas
1298 956 1575 1044 comprehendisse
1599 963 1631 1024 et
1657 959 1761 1026 verbis
1790 963 1883 1040 ἐντδς
1906 960 2127 1053 ἀνεψιότητος
2225 941 2231 948 ¹

260 1101 370 1146 omnes
393 1065 646 1164 consanguineos
668 1075 864 1162 significasse
887 1074 1022 1155 videtur,
1047 1077 1161 1162 quibus
1184 1079 1255 1165 lege
1278 1103 1399 1158 munus
1417 1081 1629 1168 persequendi
1650 1081 1862 1150 interfectoris
1884 1084 2027 1152 delatum
2049 1093 2125 1154 erat.

260 1204 346 1289 Quia
380 1201 466 1268 enim
499 1201 688 1288 plerumque
722 1223 740 1265 e
773 1199 1016 1286 consanguineis
1050 1200 1190 1266 hominis
1225 1201 1360 1291 alicujus
1397 1203 1558 1271 interlecti
1590 1229 1690 1292 usque
1729 1206 1769 1273 ad
1807 1207 1955 1294 quintum
1993 1209 2127 1295 gradum

260 1325 472 1419 (ἀνεψιαδοῖ)
501 1330 592 1392 erant
620 1315 822 1411 superstites,
859 1327 891 1388 et
917 1321 1077 1388 rarissime
1101 1325 1231 1403 accidit,
1267 1331 1304 1393 ut
1325 1350 1442 1414 genero
1465 1351 1573 1394 socero
1596 1330 1861 1417 phratoribusque
1884 1354 1995 1398 caussa
2017 1337 2128 1398 contra

259 1450 453 1518 homicidam
482 1449 680 1516 instituenda
707 1454 805 1526 esset,
842 1447 937 1512 Plato
967 1447 1026 1512 hos
1055 1449 1197 1534 neglexit
1226 1456 1259 1516 et
1281 1451 1532 1538 consanguineos
1561 1457 1687 1518 tantum
1716 1453 1904 1520 nominavit.
1957 1456 2056 1521 Hunc
2086 1455 2128 1522 ad

260 1576 390 1641 modum
412 1573 441 1641 si
468 1575 574 1640 locum
595 1571 802 1638 Platonicum
831 1570 1094 1658 interpretamur,
1130 1571 1250 1660 optime
1273 1574 1419 1662 congruit
1441 1599 1514 1642 cum
1541 1577 1651 1642 locoe
1683 1577 1872 1662 [Demosth]
1904 1579 1939 1644 in
1962 1579 2126 1665 Euergum

258 1698 378 1787 petite,
419 1697 474 1764 ubi
506 1701 526 1780 9
557 1700 600 1762 72
633 1701 737 1764 exstat
769 1697 893 1763 κελεόει
932 1697 996 1784 γάρ
1029 1692 1050 1762 ό
1081 1698 1178 1784 νόμος
1217 1700 1292 1776 τεός
1332 1701 1551 1790 προςήκοντας
1585 1703 1754 1781 ἐπεξιέναι
1787 1699 1886 1790 μέχρί
1916 1700 2124 1792 ἀνεψιαδῶν.

258 1823 369 1888 Etiam
391 1821 444 1889 hic
467 1820 697 1909 consanguinei
719 1825 854 1898 tantum,
887 1820 942 1906 qui
964 1819 1113 1907 persequi
1135 1821 1218 1908 jussi
1241 1829 1340 1901 erant,
1372 1829 1668 1890 commemorantur.
1714 1824 1766 1889 De
1789 1824 1912 1890 Polluo.
1936 1825 2036 1904 VIII,
2063 1827 2126 1890 118

259 1953 367 2014 autem
389 1971 419 2012 r.
444 1947 475 2012 d.
499 1944 645 2033 Philippi
668 1946 690 2010 l.
716 1967 742 2010 c.
766 1966 838 2031 pag.
863 1943 929 2009 600
952 1965 1019 2029 sqq.
1043 1949 1128 2010 recte
1148 1944 1308 2032 judicasse
1330 1945 1411 2011 mihi
1433 1947 1569 2014 videtin.
1599 1987 1641 1996 -
1673 1947 1825 2015 osterum
1847 1947 1964 2014 locutio
1988 1947 2126 2040 ἀνεψιό·

258 2097 351 2160 τητος
380 2081 437 2140 καί
467 2067 615 2160 ἀνεψιοῦ
646 2067 729 2133 mira
764 2090 840 2132 sane
875 2073 1033 2133 vetustate
1065 2068 1146 2154 legis
1180 2069 1323 2136 excusari
1355 2075 1387 2136 et
1420 2071 1651 2157 quodammodo
1686 2071 1837 2160 explicari
1868 2095 1959 2159 posse
1989 2071 2124 2171 videtur.

259 2193 442 2286 ἀνεψιότης
466 2193 554 2260 enim
576 2190 739 2284 ἀνεψιούς
762 2197 795 2258 et
817 2188 1024 2283 ἀνεψιαδοῦς
1048 2191 1277 2279 complectitur.
1324 2191 1362 2261 Si
1384 2217 1458 2281 ergo
1481 2194 1552 2280 quis
1571 2198 1668 2263 verba
1689 2199 1783 2276 ἐντός
1807 2193 2026 2286 ἀνεψιότητος
2046 2197 2126 2264 citra

258 2321 519 2388 consobrinorum
548 2317 632 2383 filios
661 2316 888 2403 interpretatus
916 2321 1016 2394 esset,
1053 2316 1232 2382 consobrini
1260 2316 1301 2383 iis
1331 2317 1475 2406 adjuncti
1497 2324 1621 2398 efflent,
1657 2343 1735 2404 quos
1759 2335 1929 2411 προειπεῖν
1952 2323 2124 2410 oportebat,

258 2443 344 2531 quod
366 2449 403 2510 ut
425 2441 623 2532 prohiberet,
659 2439 789 2507 Dracon
811 2453 868 2509 aul
891 2437 1037 2532 ἀνεψιοῦ
1059 2439 1218 2508 addidisse
1241 2441 1376 2508 videtur.
1429 2441 1615 2531 Simplicius
1638 2448 1722 2510 certe
1749 2467 1808 2511 nec
1831 2443 1937 2511 minus
1959 2445 2126 2533 perspicue

257 2567 437 2656 scripsisset
459 2569 552 2645 ἐντός
577 2563 741 2657 ἀνεψιάν.

418 2691 569 2760 Vidimus
597 2688 696 2776 igitur
725 2689 760 2754 in
789 2689 850 2754 hac
873 2711 997 2776 quoque
1027 2690 1113 2777 lege,
1150 2690 1210 2757 etsi
1237 2690 1389 2758 lectiones
1418 2687 1625 2776 inscriptione
1652 2690 1791 2756 maxima
1814 2713 1841 2776 e
1854 2697 1944 2778 parte
1968 2697 2123 2773 constant,

257 2817 429 2884 nonnullas
462 2837 531 2880 sese
564 2813 675 2880 offerre
708 2811 933 2894 difficultates,
970 2837 1051 2900 quae
1082 2838 1133 2881 res
1164 2813 1283 2902 injuria
1308 2813 1393 2880 viros
1421 2812 1547 2892 doctos,
1582 2813 1639 2899 qui
1665 2819 1740 2879 ante
1769 2813 1970 2880 Kochlerum
1998 2814 2038 2882 de
2065 2817 2125 2883 hec

258 2929 403 3010 formula¹
419 2939 646 3015 disseruerunt,
671 2943 708 3003 ut
731 2961 802 3003 eam
824 2936 911 3004 haud
933 2939 1106 3024 genuinam
1126 2938 1316 3026 judicarent,
1341 2936 1477 3016 induxit,
1502 2937 1591 3003 velut
1613 2937 1793 3004 Ehankium
1820 2939 1926 3021 (Neue
1949 2940 1975 3006 J
1977 2939 2124 3006 euaisohe

257 3063 553 3149 Literaturzeitung
576 3063 662 3127 1844
684 3085 755 3149 pag.
771 3063 857 3144 739),
882 3085 940 3129 nos
964 3069 1071 3128 autem
1095 3063 1263 3128 admonere
1286 3060 1388 3140 debet,
1413 3065 1565 3146 utquam
1585 3061 1760 3127 cautissimi
1783 3061 1892 3142 simus,
1916 3085 1958 3128 ne
1978 3063 2124 3150 cupidius

257 3190 428 3258 lectionem
450 3186 601 3253 traditam
623 3187 658 3251 in
681 3187 753 3272 lege
776 3185 884 3272 aliqua
905 3193 1075 3266 mutemus,
1100 3209 1190 3264 neve,
1219 3185 1295 3272 quia
1316 3185 1472 3250 nonnulla
1493 3183 1527 3248 in
1551 3207 1589 3250 aa
1610 3207 1675 3249 non
1697 3207 1826 3272 prorsus
1850 3192 1925 3252 sunt
1946 3188 2122 3276 perspicua,

257 3314 428 3380 formulam
451 3311 648 3398 suppositam
672 3331 740 3375 esse
764 3310 939 3398 opinemur.

1130 3472 1151 3571 ς
1189 3467 1254 3550 le.

417 3647 489 3712 Iam
518 3669 569 3712 me
602 3648 752 3711 converto
784 3645 824 3710 ad
857 3647 961 3732 leges,
1002 3667 1082 3730 quae
1115 3644 1156 3710 ed
1186 3641 1249 3728 jus
1284 3643 1549 3710 hereditarlum
1582 3641 1760 3730 pertinent,
1796 3651 1852 3711 aut
1885 3645 1992 3732 aliquo
2027 3647 2122 3713 modo

258 3795 332 3838 cum
354 3795 391 3836 eo
415 3770 586 3836 cohaerent
608 3767 811 3856 primumque
834 3768 876 3834 ad
897 3767 1122 3835 difficillimam
1143 3766 1249 3845 illam,
1280 3787 1362 3851 quae
1386 3769 1488 3832 exstat
1510 3765 1530 3852 ξ
1554 3766 1610 3834 51.

408 3889 516 3972 Ὅστις
545 3890 591 3962 ἀν
617 3895 661 3982 μη
693 3893 892 3979 διαθέμενος
922 3889 1103 3990 ἀποθάνη,
1139 3892 1201 3960 ἐάν
1231 3897 1293 3978 μὲν
1320 3891 1446 3968 παῖδας
1469 3894 1652 3990 καταλείπη
1676 3895 1833 3980 θηλείας,
1870 3897 1931 3964 σόν
1953 3895 2121 3992 ταότηιιιν,

256 4021 320 4088 rav
342 4020 379 4086 δὲ
400 4020 457 4106 μή,
482 4018 595 4096 τοόςδε
617 4029 744 4107 κυρίους
766 4015 855 4084 εἶναι
877 4018 944 4084 τῶν
962 4018 1154 4106 χρημάτων.
1184 4015 1247 4084 ἐάν
1269 4020 1331 4101 μὲν
1354 4011 1490 4102 ἀδελφοί
1513 4009 1593 4084 dea
1615 4012 1819 4107 δμοπάτορες
1842 4029 1899 4086 καὶ
1921 4019 1984 4086 ἐάν
2007 4020 2124 4096 παῖδες

257 4143 295 4222 ἐξ
324 4138 479 4228 ἀδελφοῖν
507 4141 648 4229 γνήσιοι,
684 4143 746 4228 την
774 4143 833 4209 τοῦ
861 4141 986 4229 πατρδς
1009 4118 1148 4231 ’μοῖραν
1162 4140 1356 4225 λαγχάνειν·
1402 4139 1466 4208 ἐάν
1497 4141 1534 4208 δέ
1565 4142 1609 4229 μη
1645 4137 1781 4227 ἀδελφοί
1809 4138 1889 4210 ω’σιν
1918 4138 1940 4229 ἢ
1969 4137 2124 4228 ἀδελφάν

259 4267 386 4344 παῖδες,
411 4267 449 4344 ἐξ
468 4261 581 4334 αάταῗν
604 4265 691 4331 κατά
715 4259 823 4333 sarire?
848 4265 1040 4348 λαγχάνειν·
1072 4278 1204 4354 κρατεῖν
1227 4266 1264 4331 δέ
1285 4265 1359 4341 τούς
1382 4258 1524 4354 άρρενας
1546 4275 1604 4330 καί
1625 4267 1699 4342 τούς
1723 4267 1759 4332 ἐκ
1781 4268 1848 4333 τάν
1871 4261 2030 4354 ἀρρένων,
2061 4266 2124 4334 ἐάν

256 4391 294 4457 ἐκ
316 4393 384 4458 τοῖν
407 4384 521 4458 αότάν
544 4383 618 4464 ἀοι,
647 4396 704 4454 ιιαῐ
726 4387 790 4454 ἐάν
811 4397 898 4469 γένει
921 4383 1093 4476 ἀπωτέρω.
1134 4388 1197 4455 ἐάν
1219 4389 1255 4454 δὲ
1276 4391 1321 4476 μη
1346 4383 1406 4456 dra
1429 4389 1511 4476 πρός
1535 4390 1661 4478 πατρός
1684 4399 1780 4477 μέχρι
1803 4384 1958 4478 ἀνεψιάν
1981 4389 2121 4467 παίδων,

257 4514 332 4591 τεός
360 4516 444 4602 πρός
473 4513 594 4599 μητρός
627 4514 685 4578 τοῦ
716 4507 836 4600 ἀνδρός
863 4513 950 4577 rasel
978 4506 1087 4578 ταότά
1117 4524 1244 4600 κυρίους
1272 4511 1372 4580 εἶναι·
1413 4511 1475 4578 triv
1504 4511 1541 4578 δὲ
1567 4507 1840 4610 μηδετέρωθενηῖ
1867 4513 1959 4588 ἐντός
1986 4512 2121 4589 τούτων,

257 4639 317 4704 τόν
346 4637 428 4724 πρός
457 4637 583 4724 πατρὸς
611 4636 777 4719 ἐγγυτάτω
808 4635 919 4725 κόριον
948 4632 1049 4702 εἶναι·
1089 4636 1182 4724 νόθῳ
1212 4637 1248 4701 δὲ
1274 4636 1358 4722 μηδὲ
1384 4637 1471 4732 νόθη
1500 4635 1545 4722 μή
1575 4631 1664 4700 εἶναι
1693 4630 1884 4720 ἀγχιστείαν
1910 4633 1997 4721 μηθ’
2027 4637 2123 4723 ἱεράν

256 4761 346 4847 μήθ’
369 4756 485 4837 όσίων,
518 4755 584 4826 ἀπ’
606 4755 782 4826 Εὐκλείδου
806 4753 977 4847 ἄρχοντος.
1461 4758 1465 4764 ’

420 4967 440 5037 ¹)
476 4970 539 5039 Agit
556 4971 661 5039 quidem
679 4969 711 5023 de
730 4969 809 5024 caede
827 4953 863 5021 ἐκ
887 4965 1055 5043 προνοίας.
1101 4971 1138 5024 Ac
1162 4972 1189 5023 in
1214 4971 1264 5023 hac
1277 4955 1416 5024 frationem
1439 4985 1545 5023 mussas
1569 4969 1743 5023 instituendae
1761 4969 1869 5023 eandem
1896 4967 1975 5022 fuisse
1994 4975 2072 5036 atque
2095 4967 2123 5020 in

256 5057 338 5112 caede
356 5059 529 5113 involuntaria
547 5057 714 5112 manifestum
732 5067 779 5112 est.
