4638 5644
1124 201 1175 279 17

204 456 279 535 τους
304 453 479 544 ὑμετέρους
498 461 547 533 κείς
570 457 629 523 τάν
646 449 850 532 Εάβουλίάου
873 451 973 530 οἶκον,
997 449 1019 541 ἢ
1042 450 1085 531 οἷς
1109 450 1130 519 o‘
1150 456 1348 540 Θεόπομπος
1372 450 1392 520 d
1415 465 1543 522 τουτοινὶ
1567 455 1678 544 πατήρ
1704 456 1933 543 Μακαρτάτου
1957 457 1992 522 ἔτ
2015 461 2074 524 τοῦ

204 585 296 648 οἴκου
318 575 359 669 ἦν
382 585 441 647 τοῦ
463 576 603 663 Ἁγνίου·
628 582 753 646 τούτων
776 575 841 657 ἴαν
862 580 1090 656 totietatem
1113 580 1353 667 μαρτυρησάτω
1373 574 1475 668 αάτρῖ.
1522 575 1670 642 Primum
1692 577 1791 663 igitur
1807 579 2072 646 Westermannue

202 709 364 769 oratorem
387 702 571 768 testimonia
592 702 632 767 de
656 701 878 788 Theopompo,
905 723 968 786 quo
991 705 1081 788 patre
1103 710 1198 765 natus
1220 700 1271 780 sit,
1297 700 1408 764 afferre
1432 700 1622 787 oportuisse,
1651 701 1760 766 credit.
1808 701 1872 768 Sed
1895 702 2073 791 Theopom-

206 847 284 914 pum
307 824 411 890 filium
427 824 612 891 Charidemi
634 823 744 890 baberi
762 826 936 890 constabat.
983 821 1197 903 Mendacium,
1223 825 1308 910 quod
1330 825 1390 890 hac
1405 825 1445 889 de
1468 847 1502 889 re
1525 823 1687 911 inpriore
1708 823 1830 911 judicio
1848 825 2073 914 Theopompus

206 951 351 1029 finxerat,
377 954 482 1015 orator
503 971 551 1028 eo,
576 948 662 1035 quod
683 949 717 1014 in
740 947 931 1012 testimoniis
954 947 1214 1013 antecedentibus
1230 949 1268 1013 de
1289 947 1385 1013 fratre
1401 947 1587 1013 Polemonis
1609 947 1741 1026 addidit,
1765 949 1920 1014 refellisse
1936 950 2071 1017 ridetur.

204 1073 243 1140 Si
265 1079 373 1138 autam
395 1075 590 1138 Macartatus
617 1095 737 1136 norum
760 1071 962 1137 mendacium
984 1072 1024 1136 de
1054 1077 1144 1158 patre
1173 1095 1230 1136 suo
1257 1079 1312 1138 aut
1339 1094 1398 1136 avo
1423 1073 1527 1137 dicere
1553 1071 1676 1149 voluit,
1711 1072 1772 1136 hoc
1796 1079 1902 1137 orator
1929 1075 2073 1140 nondum

204 1197 397 1262 testimoniis
430 1197 619 1283 redarguere
651 1196 765 1284 potuit.
822 1194 950 1260 Deinde
985 1217 1025 1259 ne
1056 1217 1093 1259 ea
1120 1194 1249 1281 quidem
1280 1219 1360 1282 quae
1388 1198 1474 1278 §40
1502 1201 1534 1260 et
1556 1197 1596 1259 41
1628 1203 1855 1260 enumerantur
1881 1197 2072 1264 testimoniis

204 1319 333 1406 probari
356 1327 537 1409 exspectare
560 1321 644 1386 licet.
691 1321 778 1386 Nam
800 1319 905 1384 verbis
928 1321 1032 1408 τούτῳ
1056 1321 1088 1385 d’
1111 1316 1132 1386 ὅ
1153 1323 1353 1406 βουλάμονος
1376 1322 1615 1411 μαρτυρησάτω
1639 1317 1661 1409 ἢ
1684 1316 1727 1398 οἷς
1751 1327 1784 1384 et
1805 1319 1840 1384 in
1863 1322 1926 1386 fine
1949 1326 2073 1394 τούτων

202 1441 271 1522 dac
297 1447 459 1526 βούλεταί
483 1471 531 1523 τις
559 1445 799 1535 μαρτυρησάτω
830 1439 923 1534 αὐτῷ
950 1447 1056 1506 orator
1083 1441 1262 1506 adversario
1286 1465 1339 1522 ea,
1376 1465 1457 1528 quae
1483 1441 1517 1506 in
1544 1442 1594 1507 his
1619 1447 1662 1524 θῇ
1685 1443 1778 1522 dicit,
1814 1443 1982 1511 refutanda
2004 1470 2073 1534 per-

205 1565 315 1633 mittit.
374 1567 464 1652 Quid
491 1573 599 1633 autem
626 1573 732 1634 orator
758 1565 950 1632 testimoniis
972 1567 1160 1630 confirmare
1187 1567 1341 1646 voluerit,
1377 1589 1416 1630 ex
1442 1567 1508 1632 illis
1535 1573 1661 1632 tantum
1687 1567 1792 1633 verbis
1820 1570 1959 1635 obscuris
1987 1573 2073 1652 §42

205 1688 250 1769 οἱς
278 1693 315 1758 δὲ
341 1700 533 1779 καταφανὲς
561 1690 641 1780 άμῒν
666 1693 775 1769 ἔσται,
799 1685 829 1759 ai
852 1685 969 1780 ἄνδρες
993 1692 1161 1767 caemar,
1187 1687 1239 1757 ‘du
1261 1693 1298 1757 τά
1323 1694 1483 1782 πρότερον
1513 1687 1809 1777 άναισχυυτοῧντες
1838 1684 2073 1783 σ’τεραγένουτο,

204 1817 335 1884 δίκαιον
357 1819 389 1882 d'
412 1813 509 1886 οὐδὲν
532 1818 654 1900 ἔλεγον,
684 1812 907 1899 άναμίγνωσαε
930 1815 990 1891 τάς
1013 1827 1207 1904 μαρτυρίας,
1236 1811 1313 1882 ὅσοι
1336 1823 1416 1884 elota
1439 1816 1488 1882 aa
1512 1811 1692 1883 άπόλοιποι
1718 1815 1868 1902 colligere
1893 1839 2071 1903 possumus,

204 1959 342 2024 quorum
365 1939 523 2004 sententia
550 1941 628 2005 haec
654 1939 735 2004 mihi
757 1938 884 2004 videtur
906 1959 994 2003 esse:
1030 1937 1140 2002 Antea
1162 1937 1389 2026 Theopompus
1413 1939 1537 2026 atejus
1561 1938 1638 2004 socii
1661 1939 1806 2004 vicerunt
1830 1939 1974 2025 quidem;
2007 1965 2073 2007 non

203 2069 314 2128 eutem
342 2062 414 2149 jure
447 2063 656 2130 hereditatem
688 2061 889 2150 petiverunt,
926 2063 982 2126 sed
1014 2062 1218 2149 impudenter
1250 2061 1441 2127 mentientes
1470 2061 1594 2149 judices
1624 2061 1816 2128 fefellerunt.
1875 2063 2074 2132 Testimonia

206 2193 314 2252 autem
347 2187 513 2272 sequentia
545 2185 707 2252 affimant
739 2192 827 2265 tum,
864 2209 936 2251 oum
967 2169 1146 2251 Eubulidas
1176 2187 1214 2250 Π
1245 2192 1356 2251 contm
1386 2183 1589 2252 Glauconem
1624 2190 1669 2268 <et
1702 2184 1874 2270 Glaucum)
1910 2188 2000 2253 litam
2032 2191 2072 2255 de

206 2310 357 2396 Hagniae
379 2311 417 2374 Π
443 2310 620 2376 hereditate
642 2309 802 2390 instituit,
837 2309 999 2374 neminem
1023 2331 1133 2376 eorum
1157 2317 1382 2396 cognatorum,
1419 2310 1474 2396 qui
1500 2333 1566 2375 non
1598 2311 1703 2376 solam
1733 2311 1845 2376 eodem
1877 2335 1941 2397 quo
1970 2313 2073 2378 Theo·

206 2455 356 2522 pompus,
386 2434 443 2499 sed
466 2435 563 2500 etiam
583 2433 701 2500 artiore
722 2435 824 2520 ¹gradu
847 2433 1012 2520 Hagniam
1034 2435 1250 2520 contigerunt,
1282 2457 1354 2500 eum
1377 2433 1539 2500 Eubulide
1562 2435 1600 2500 Π
1624 2435 1662 2499 de
1685 2434 1862 2500 hereditate
1885 2435 2071 2522 litigavisse.

208 2558 440 2645 Congruuntne
474 2557 573 2644 igitur
599 2558 785 2624 testimonia
808 2581 880 2624 cum
903 2582 957 2633 eo,
991 2559 1076 2645 quod
1103 2559 1201 2624 verba
1222 2558 1356 2624 oratoris
1386 2581 1466 2646 quae
1489 2559 1681 2625 antecedunt
1709 2559 1872 2645 postulare
1901 2559 2073 2625 videntur?

206 2681 293 2749 Sane
314 2687 502 2768 congruunt.
549 2683 636 2747 Nam
658 2682 687 2747 si
707 2703 817 2747 omnes
837 2688 869 2747 et
893 2683 1004 2748 eodem
1027 2707 1089 2768 quo
1114 2683 1340 2770 Theopompus
1364 2691 1396 2748 et
1419 2683 1534 2748 artiore
1557 2684 1656 2769 gradu
1678 2681 1827 2768 Hagniae
1850 2682 1977 2768 cognati
1991 2705 2073 2749 cum

207 2804 370 2870 Eubulide
394 2803 434 2870 de
460 2805 637 2870 hereditate
664 2806 722 2870 ille
750 2827 816 2870 non
839 2813 1041 2871 certaverunt
1064 2813 1349 2893 concesseruntque
1375 2805 1474 2892 igitur
1496 2805 1691 2871 Eubulidam
1718 2804 1833 2871 artiore
1861 2806 1961 2890 gradu
1983 2807 2072 2893 Hag-

207 2928 295 2993 niam
321 2951 417 3014 quam
443 2928 529 3015 ipsos
556 2917 754 3015 contingere,
791 2935 902 3016 postea
927 2935 1035 2994 temen
1059 2927 1285 3016 Theopompus
1311 2929 1521 2996 hereditatem
1547 2935 1654 3017 petere
1682 2953 1777 2994 ausus
1801 2935 1849 2994 eet
1872 2929 2072 3016 obtinuitque

204 3073 370 3130 caussam,
412 3053 472 3117 hoo
504 3051 677 3117 mendaciis
710 3059 742 3118 et
779 3053 979 3141 impudentia
1009 3053 1158 3118 effectum
1197 3075 1264 3119 esse
1296 3053 1501 3120 manifestum
1533 3061 1590 3120 est.
1627 3093 1670 3100 —
1707 3053 1835 3118 Accedo
1869 3053 1909 3117 ‘ad
1946 3052 2072 3139 singula

206 3175 400 3241 testimonia.

369 3300 474 3366 Testis
504 3299 625 3387 primus
649 3323 682 3365 se
710 3306 847 3390 συγγενῆ
873 3300 1042 3366 Polemoni
1072 3301 1232 3382 nominat,
1269 3325 1363 3390 quam
1388 3305 1427 3368 ob
1454 3325 1521 3367 rem
1543 3303 1809 3367 Westermannus
1832 3301 1853 3365 l.
1878 3324 1904 3365 c.
1932 3323 2004 3388 pag.
2030 3302 2073 3366 94

210 3445 283 3488 eum
306 3424 423 3489 marito
446 3424 538 3490 alteri
561 3424 668 3490 uxoris
690 3423 876 3490 Polemonis
899 3424 1114 3513 propinquum
1136 3424 1234 3491 fuisse
1258 3432 1378 3505 censet,
1410 3425 1486 3512 quia
1508 3426 1671 3491 hominem
1694 3424 1757 3490 alio
1785 3425 1879 3489 modo
1903 3423 2073 3489 Polemoni

211 3545 342 3611 affinem
364 3548 459 3635 hujus
482 3549 679 3635 patruelibus
699 3571 824 3634 quoque
847 3556 999 3635 agnatum
1022 3571 1090 3615 esse
1111 3548 1311 3637 oportuisset.
1359 3549 1424 3616 Sed
1446 3573 1512 3615 non
1531 3549 1719 3616 crediderim
1741 3572 1809 3613 rem
1832 3548 1877 3612 ita
1900 3571 1933 3612 se
1956 3548 2072 3612 babere

209 3693 338 3736 necesse
362 3691 438 3735 esse.
485 3671 694 3738 Polemonem
717 3673 820 3738 solum
844 3673 933 3738 testis
957 3679 1197 3752 commemorat,
1222 3673 1297 3759 quia
1319 3673 1539 3760 propinquitas
1563 3697 1635 3738 eum
1659 3695 1710 3751 ec,
1742 3671 1859 3760 quippe
1883 3671 1939 3756 qui
1960 3670 2073 3736 fuisset

206 3799 298 3881 pater
320 3791 427 3872 illius,
460 3795 498 3859 de
523 3794 612 3882 eujus
635 3795 811 3861 hereditate
835 3797 1001 3882 agebatur,
1037 3799 1174 3863 maxime
1196 3797 1331 3862 valebat.
1379 3796 1488 3862 Etiam
1511 3802 1608 3862 testes
1631 3801 1651 3877 ξ
1674 3798 1727 3874 36,
1754 3798 1769 3859 1
1795 3793 1959 3882 proaviam
1982 3817 2073 3860 suam

206 3914 359 4008 άνεψιάν
381 3919 417 3984 ἐκ
441 3921 685 4008 πατραδέλφων
707 3919 768 3984 soli
786 3919 956 3985 Polemoni
978 3927 1103 4000 vocant,
1128 3943 1320 4006 quamquam
1343 3921 1425 3986 hanc
1448 3919 1550 4008 ipsam
1573 3921 1613 3984 ob
1632 3943 1700 3985 rem
1720 3918 1791 3984 aliis
1815 3941 1939 4004 quoque
1958 3918 2073 3984 Buseli

206 4041 376 4130 nepotibus
393 4061 463 4106 eam
487 4041 664 4128 patruelem
687 4041 785 4107 fuisse
800 4047 940 4129 apparet.
965 4081 1007 4089 -
1031 4044 1073 4107 In
1093 4043 1238 4108 omnibus
1260 4043 1429 4121 codicibus,
1454 4043 1509 4128 qui
1532 4043 1716 4110 testimonia
1737 4038 1945 4122 tradiderunt,
1970 4047 2073 4108 exstat

209 4169 452 4256 Καλλίστρατον
475 4167 535 4233 τάν
557 4176 688 4255 πατέρα
708 4169 765 4256 τῆς
784 4175 952 4234 Σωσιθέου
972 4169 1138 4251 γυναικός,
1164 4166 1257 4252 quod,
1282 4191 1355 4231 cum
1378 4166 1488 4232 multis
1509 4166 1661 4233 orationis
1683 4165 1762 4231 locis
1784 4189 1914 4232 uxorem
1932 4165 2072 4232 Sosithei
2198 4182 2200 4190 ’

208 4287 380 4353 Eubulidis
403 4287 503 4353 filiam
526 4287 624 4354 fuisse
648 4294 784 4367 constet,
816 4288 906 4352 nullo
929 4289 1024 4354 modo
1047 4297 1132 4355 recte
1155 4313 1188 4355 se
1210 4290 1327 4354 habere
1351 4296 1464 4376 potest.
1511 4288 1660 4356 Dubitari
1685 4295 1792 4355 autem
1814 4295 1931 4376 potest,
1961 4295 2072 4354 utrum

207 4434 266 4499 pro
288 4419 457 4480 Σωσιθέου
481 4421 618 4490 Σωσίου,
648 4435 689 4476 aa
711 4433 769 4498 pro
791 4413 947 4496 γυναικός
974 4415 1095 4503 μητρός
1118 4412 1320 4478 scribendum
1343 4411 1393 4478 sit.
1446 4413 1607 4500 Equidem
1630 4413 1835 4500 praetulerim
1860 4415 2014 4497 γυναικός
2037 4412 2071 4476 in

208 4537 328 4626 μητρός
352 4540 475 4600 mutare
497 4539 627 4622 propter
650 4557 792 4614 caussas,
829 4558 906 4621 quaa
933 4559 985 4602 vv.
1010 4537 1061 4601 dd.
1091 4536 1129 4601 de
1153 4537 1241 4602 Boor
1268 4538 1289 4604 l.
1315 4560 1340 4602 c.
1369 4561 1440 4624 pag.
1468 4537 1530 4601 148
1554 4543 1587 4602 et
1608 4539 1873 4604 Westermannus
1900 4535 1921 4600 l.
1947 4559 1973 4601 ο.
1997 4543 2069 4623 pag.

209 4659 253 4723 95
280 4658 492 4744 protulerunt.

258 4825 261 4830 -
367 4781 439 4846 Iam
468 4781 603 4868 procedo
634 4782 674 4845 ad
701 4782 892 4860 maximam,
929 4807 1009 4868 quae
1040 4783 1124 4848 inest
1152 4783 1187 4848 in
1217 4783 1431 4862 testimoniiS,
1467 4783 1710 4861 difficultatem,
1745 4782 1779 4846 in
1808 4805 1870 4868 qua
1898 4781 1958 4845 viri
1986 4781 2072 4846 docti

209 4901 346 4967 maxime
368 4904 615 4983 haesitaverunt,
640 4910 770 4990 atquae
794 4905 962 4993 praecipue
977 4907 1261 4972 Westermannum
1283 4906 1464 4986 commovit,
1489 4914 1525 4972 ut
1547 4906 1730 4972 testimonia
1749 4904 1912 4992 supposita
1934 4910 2069 4991 putaret,

209 5024 427 5111 quaestionem
450 5027 530 5107 dieo,
554 5035 662 5093 utrum
681 5033 928 5120 Φανοστράτην,
954 5053 995 5095 an
1018 5033 1255 5117 Φανόστρατον
1279 5031 1479 5096 scribendum
1502 5029 1551 5095 sit.
1598 5029 1727 5094 Primus
1749 5029 1831 5094 hanc
1853 5028 2072 5114 quaestionem
