4638 5644
1162 111 1219 189 20

256 363 332 430 inde
354 369 439 430 ortas
462 385 531 428 esse
554 361 727 429 verisimile
750 367 808 442 ost,
833 363 917 449 qnod
940 362 1064 428 codices
1087 363 1236 428 nonnulli
1258 361 1404 429 meliores
1427 367 1460 428 et
1480 363 1651 452 praecipue
1673 364 1773 430 codex
1795 373 1825 434 Σ
1851 365 2033 432 testimonia
2061 389 2128 432 non

257 487 420 574 praebent.
468 485 564 571 Quod
588 486 614 552 si
637 511 671 552 re
694 510 771 552 vera
793 485 1015 553 dissertatione
1042 509 1115 551 mea
1142 486 1291 575 probavi,
1324 509 1390 551 non
1417 484 1534 553 idcirco
1561 488 1671 576 magni
1692 489 1848 553 momenti
1870 495 1934 569 est,
1971 491 2130 574 quiahoc

257 610 352 675 modo
383 609 567 676 testimonia
598 609 739 697 genuina
770 617 957 690 servantur,
993 611 1112 697 quippe
1144 634 1225 697 quae
1257 610 1298 675 ad
1329 611 1580 696 cognoscendam
1614 611 1838 696 antiquitatem
1869 612 1956 678 haud
1988 614 2127 679 multum

258 734 401 812 valeant,
432 734 488 799 sed
511 735 586 818 quia
608 734 799 800 testimoniis
823 734 956 800 servatis
978 735 1066 820 leges
1088 756 1228 820 quoque,
1260 755 1341 818 quae
1364 732 1499 830 orationi
1521 734 1659 800 insertae
1682 740 1757 801 sunt
1780 735 1907 802 easdem
1930 757 2013 814 esse,
2045 759 2127 822 quae

258 855 435 944 injudicio
458 857 608 924 recitatae
631 857 705 939 sint,
734 859 844 945 negari
867 883 932 924 non
955 865 1068 946 potest.
1115 857 1265 943 Namque
1289 881 1362 923 cum
1381 857 1459 945 jam,
1488 849 1613 925 etiamsi
1636 859 1820 925 testimonia
1842 858 1989 924 falsarius
2013 882 2126 947 suppo·

259 979 391 1058 suisset,
420 985 528 1046 tamen
552 981 671 1070 optime
695 983 764 1048 fieri
787 983 940 1071 potuerit,
970 987 1007 1049 nt
1028 985 1116 1069 leges
1138 981 1268 1067 quidem
1290 980 1445 1067 genuina
1469 1005 1509 1046 ex
1530 982 1688 1069 ejusmodi
1710 983 1819 1068 legum
1842 1004 1988 1068 corpore,
2019 981 2127 1068 qualia

258 1102 417 1169 exstitisse
444 1105 535 1170 nobis
565 1105 718 1171 traditum
746 1111 796 1172 est
808 1108 831 1190 ¹)
862 1113 1044 1195 excerperet
1066 1111 1099 1172 et
1125 1105 1261 1171 orationi
1289 1104 1433 1184 adderet,
1465 1128 1502 1170 eo
1529 1105 1636 1172 minus
1662 1107 1771 1193 legum
1799 1104 1966 1190 integritas
1989 1127 2126 1190 veraque

259 1225 364 1292 torma
386 1226 480 1293 debet
503 1228 698 1307 addubitem,
735 1253 808 1295 cnm
830 1231 928 1296 etiam
952 1229 1137 1296 testimonia
1162 1235 1247 1295 recte
1274 1227 1392 1294 tradita
1417 1229 1507 1294 nobis
1530 1228 1698 1295 evaserint.
1755 1230 1797 1294 In
1819 1227 2005 1314 quaestione
2027 1228 2126 1314 igitur

259 1349 299 1416 de
322 1350 446 1437 legibus
469 1373 554 1417 nunc
577 1374 598 1416 a
619 1375 670 1418 me
693 1352 891 1420 instituenda
911 1375 978 1419 non
1001 1357 1165 1440 tantopere
1188 1351 1334 1430 studebo,
1363 1357 1400 1418 ut
1421 1353 1509 1437 leges
1532 1375 1600 1418 esse
1623 1351 1779 1439 genuinas
1801 1352 1941 1439 probem,
1970 1373 2066 1437 quam
2088 1357 2125 1418 ut

257 1493 313 1538 eas
336 1472 492 1560 explicem
515 1481 548 1541 et
570 1478 777 1564 corruptelas,
809 1479 947 1562 quaein
970 1477 1010 1543 iis
1032 1476 1225 1542 videbuntur
1248 1475 1365 1554 inesse,
1397 1499 1454 1562 pro
1477 1475 1599 1542 viribus
1622 1474 1797 1541 emendem.

1063 1741 1223 1878 caput
1258 1741 1321 1852 Π.
1424 1824 1427 1832 ,

999 1985 1085 2094 nc
1125 1983 1383 2118 legibus.

419 2251 440 2328 g
466 2249 516 2313 15.
563 2247 710 2317 Primum
734 2253 831 2318 daea
853 2255 923 2341 lege
944 2275 1046 2338 agam,
1070 2273 1151 2335 quae
1174 2248 1381 2336 inscriptione
1401 2271 1527 2335 qnoque
1548 2249 1607 2314 illa
1628 2270 1724 2334 quam
1745 2269 1840 2334 supra
1862 2271 1934 2334 pag.
1952 2251 1972 2314 6
1995 2249 2124 2314 laudavi

262 2369 353 2435 nobis
376 2371 493 2437 tradita
516 2379 573 2438 est.
620 2373 736 2440 Exstat
759 2381 779 2457 ἕ
802 2377 863 2442 57:

419 2505 595 2586 Πραειπεῖν
622 2502 669 2588 τῷ
691 2513 856 2569 κτείναντι
878 2503 915 2569 ἐν
938 2497 1045 2592 α’γορᾷ
1071 2501 1163 2578 ἐντὸς
1188 2495 1406 2588 α’νεψιδτητας
1429 2508 1486 2564 καῖ
1509 2493 1668 2587 α’νεψιοῦ,
1700 2496 1890 2564 συνδιώκειν
1913 2497 1949 2562 δὲ
1972 2509 2029 2563 καὶ
2052 2493 2124 2566 α’νε-

261 2619 359 2709 epacte
390 2629 446 2687 καὶ
474 2615 627 2712 drepanio
658 2624 783 2701 παῖδας
813 2635 869 2691 καῖ
898 2625 1066 2713 γαμβροδς
1095 2635 1152 2690 καὶ
1181 2624 1361 2713 πενθερούς
1388 2631 1445 2688 καὶ
1468 2623 1648 2710 φράτερας·
1680 2619 1744 2686 ἰσὶν
1771 2619 1806 2686 δὲ
1830 2620 2031 2686 αἰδέσασθαι
2055 2621 2122 2718 δέῃ,

260 2743 323 2810 triv
352 2749 414 2829 μὲν
443 2747 554 2832 πατήρ
577 2739 600 2844 ᾖ
622 2742 643 2833 ἢ
666 2741 808 2832 σῖδελωδς
831 2743 853 2835 ἢ
876 2753 971 2826 υἱεῖς,
1007 2749 1139 2824 πάντας
1162 2743 1183 2835 ἢ
1206 2747 1265 2814 τδν
1291 2746 1458 2814 κωλύοντα
1486 2758 1633 2834 κρατεῖν·
1665 2743 1728 2810 δᾶν
1751 2744 1787 2810 δὲ
1810 2743 1933 2811 τούτων
1955 2745 2066 2830 μηδεὶς
2089 2739 2122 2840 ᾖ,

260 2877 367 2964 κτείνῃ
391 2869 419 2933 δ’
443 2864 542 2946 ἄκων,
567 2873 667 2952 γνῶσι
690 2866 754 2936 δὀἱ
777 2871 981 2958 πεντήκοντα
1005 2881 1061 2938 καῖ
1083 2869 1129 2948 εἷς
1152 2875 1181 2937 ot
1204 2869 1320 2954 ἐφέται
1341 2863 1465 2936 ἅκαντα
1488 2879 1624 2945 κτεῖναι,
1649 2867 1797 2934 ἐσέσθων
1817 2873 1846 2933 ot
1868 2869 2035 2957 φράτερες,
2061 2867 2123 2934 ίαν

260 2994 400 3070 θέλωσι,
430 2992 523 3058 δίκα·
549 2995 679 3071 τούτους
703 2995 731 3059 δ’
753 2999 783 3060 ot
807 2996 1009 3082 πεντήκοντα
1032 3004 1089 3061 καῖ
1112 2993 1157 3070 εἷς
1181 2988 1368 3082 α’ριστίνδην
1397 2997 1591 3080 αἱρείσθων·
1624 3000 1680 3056 καῖ
1703 2997 1732 3057 ot
1755 2991 1913 3080 πρότερον
1939 3003 2124 3068 κτείναντες

261 3117 299 3183 ἐν
322 3116 405 3206 τρῖδε
427 3118 475 3206 τῷ
499 3119 613 3206 θεσμῷ
636 3118 835 3200 ἐνεχέσθων.

419 3238 590 3325 Inscriptio
616 3238 674 3304 illa
700 3259 784 3304 anno
808 3239 1120 3325 quadringentesimo
1147 3261 1232 3304 nono
1256 3240 1309 3304 vel
1332 3245 1443 3304 octavo
1466 3237 1581 3303 Diocle
1604 3237 1754 3302 archonte
1778 3259 1935 3322 eponymo
1959 3235 2044 3302 facta
2066 3241 2122 3314 est,

261 3385 323 3447 quo
347 3359 579 3439 Athenienses,
609 3368 646 3427 ut
667 3360 795 3426 initium
818 3361 1033 3450 inscriptionis
1057 3364 1163 3442 docet,
1192 3364 1279 3449 leges
1301 3360 1473 3427 Dracontis
1497 3361 1535 3425 de
1560 3359 1654 3425 caede
1678 3359 1781 3424 denuo
1803 3358 1996 3446 perscribere
2020 3360 2124 3424 decre-

262 3485 426 3568 verunt¹).
472 3483 551 3569 Egit
573 3485 632 3549 hac
656 3485 695 3550 de
718 3485 925 3573 inscriptione
952 3492 1077 3573 praeter
1099 3486 1300 3551 Kochlerum
1323 3483 1481 3572 Philippi,
1517 3483 1573 3548 der
1596 3482 1779 3547 athenische
1802 3481 2070 3548 Volksbeschluss
2092 3505 2122 3548 v.

261 3607 353 3686 40⁹ls
377 3607 412 3672 in
434 3607 541 3672 Jahns
555 3607 759 3674 Jahrbtcher
784 3611 870 3673 1872
893 3633 963 3696 pag.
982 3612 1046 3676 578
1071 3632 1137 3694 sqq.
1184 3608 1283 3695 Lapis
1303 3614 1419 3685 autem,
1444 3606 1500 3691 qui
1522 3605 1763 3693 inscriptionem
1785 3605 1921 3685 exhibet,
1946 3612 2125 3692 temporum

261 3731 430 3818 iniquitate
453 3737 617 3818 tantopere
640 3731 744 3798 laesus
767 3740 829 3812 est,
860 3741 897 3799 nt
919 3755 1083 3818 nunquam
1105 3731 1182 3796 viris
1206 3730 1306 3796 doctis
1329 3729 1433 3815 legem
1456 3727 1622 3794 restituere
1646 3727 1847 3814 contigisset,
1881 3729 1944 3794 nisi
1967 3751 2005 3793 ea
2028 3727 2124 3794 etiam

262 3855 324 3920 alio
351 3855 444 3920 modo
472 3854 511 3919 ad
537 3877 595 3920 nos
621 3856 826 3942 pervenisset.
880 3858 1013 3922 Praeter
1039 3855 1176 3943 priorem
1204 3854 1289 3919 enim
1317 3852 1534 3939 inscriptionis
1561 3859 1684 3939 partem
1708 3876 1781 3918 cum
1807 3851 1946 3918 formula
1972 3851 2030 3917 illa
2052 3875 2124 3917 oon-

261 3985 428 4066 gruentem
454 3979 662 4065 posteriorem
689 3980 917 4046 Demosthenis
940 3979 1158 4044 Aristocratea
1186 3977 1320 4044 dirersis
1347 3976 1442 4055 locis,
1478 3999 1551 4040 cum
1578 3975 1723 4041 formulis
1751 3973 1890 4052 insertis,
1924 3981 1994 4039 tum
2021 3976 2124 4040 verbis

261 4102 395 4168 oratoris
418 4101 554 4166 exhibet.
611 4102 707 4168 Prior
729 4109 836 4170 autem
862 4102 942 4188 legis
969 4125 1058 4189 pars,
1091 4125 1171 4186 quae
1194 4102 1235 4166 ad
1261 4107 1402 4166 nostram
1430 4098 1729 4166 commentationem
1755 4097 1894 4186 pertinet
1919 4097 2124 4185 inscriptione

262 4225 320 4290 tali
347 4225 441 4290 modo
471 4224 588 4290 tradita
615 4231 680 4291 est:

423 4349 636 4431 [αἰδέσασθαι
665 4351 693 4416 δ’
722 4351 785 4418 ίαν
814 4357 876 4437 μὲν
908 4351 1028 4442 πατήρ]
1057 4345 1120 4438 'it‘
1151 4347 1172 4440 ἢ
1202 4345 1366 4436 videi-prist]
1397 4345 1419 4437 ἢ
1446 4345 1529 4426 δεῖς,
1566 4343 1745 4430 iadorae]
1775 4343 1796 4434 ἢ
1824 4348 1860 4412 τδ
1870 4347 1899 4428 [ν
1925 4348 2124 4431 abditam

261 4487 394 4562 κρατεῖν
411 4524 625 4538 .........
628 4475 637 4556 ]
663 4470 811 4559 vitrosco.
831 4527 836 4538 .
854 4501 870 4540 ε
888 4527 893 4539 .
910 4500 954 4562 ρα
973 4527 978 4538 .
999 4475 1036 4558 [o]
1053 4503 1076 4560 φ
1096 4527 1102 4540 .
1122 4526 1128 4538 .
1145 4501 1206 4541 ιτ.
1231 4500 1283 4552 τις
1305 4499 1367 4540 κτα
1394 4519 1992 4534 ........................
2010 4467 2125 4556 ottae

261 4595 429 4679 ἐθέλωσῂ]
447 4597 506 4664 τδν
529 4591 658 4685 δ[ρκ]ον
675 4647 681 4659 .
701 4647 707 4659 .
726 4646 732 4659 .
753 4647 787 4698 ¹:
806 4647 915 4661 .....
935 4598 1007 4679 [ίαν
1031 4599 1067 4664 δὲ
1093 4599 1216 4666 τούτων
1238 4598 1348 4684 μηδεὶς
1371 4591 1412 4694 ᾖ,
1443 4593 1594 4692 κτείδῂῃ
1623 4595 1659 4660 δὲ
1681 4589 1811 4678 δκω[ν],
1841 4593 1954 4676 rtvbsio
1968 4593 1990 4674 [ι
2006 4593 2061 4675 δ]ὲ
2086 4591 2125 4672 [ot

423 4875 444 4945 ¹)
481 4875 516 4930 cf.
538 4877 643 4947 Sauppe
660 4879 688 4930 in
705 4877 926 4946 Verhandlungen
944 4878 991 4931 der
1008 4878 1355 4947 Philologenveraammlung
1371 4878 1399 4929 in
1417 4876 1496 4930 Helle
1517 4877 1584 4930 lest
1604 4893 1663 4944 pag.
1685 4878 1729 4929 80.

422 4960 445 5032 ’)
482 4965 605 5020 Solonem
623 4967 761 5020 Dracontis
778 4967 850 5034 leges
868 4967 900 5018 de
919 4965 998 5018 caede
1015 4967 1150 5019 retinuisse
1168 4967 1271 5034 suisque
1288 4965 1388 5032 legibus
1406 4963 1541 5018 irremisse
1560 4971 1669 5018 constat.
