4638 5644
1083 219 1140 300 29

339 477 432 566 νόθῳ
456 476 493 543 δέ
514 478 597 564 μηδὲ
620 475 707 572 νόθῃ
730 475 775 561 μή
799 472 887 540 εἶναι
911 468 1212 561 α’γχιστείανμῆθ’
1235 475 1442 563 1ερῦνμήθ’
1465 471 1578 551 dolor,
1610 469 1663 541 οἷπ
1685 470 1860 542 Εῦκλείδου
1888 469 2048 562 ἄρχοντος

180 594 218 661 cf.
244 597 327 664 Isae.
352 603 429 663 orat.
453 597 506 665 VI
528 601 548 679 ξ
570 599 623 662 47.
824 559 837 584 ⁸

339 721 374 786 N
375 744 416 786 on
435 720 553 799 dubito,
575 721 653 808 quin
676 720 758 786 illud
778 717 859 806 legis
882 718 1065 784 institutum
1085 719 1154 806 jam
1173 742 1192 784 a
1212 719 1330 786 891999
1354 719 1532 806 proiectum
1552 719 1603 785 sit.
1642 719 1730 784 Nam
1750 717 1901 786 89199919
1921 743 2048 806 999999

180 843 296 909 nothos
329 867 354 916 a,
380 843 578 910 successione
610 844 791 910 erubuisse..
811 841 880 930 jam
907 865 925 906 e
957 841 1061 908 verbis
1093 842 1353 908 antecedentibus
1383 845 1500 921 παῖδες
1530 845 1567 923 ἐξ
1596 839 1751 929 οἷδελφοῖν
1780 843 1906 932 γνήσιοι
1932 844 2046 910 elucet.

179 965 291 1033 Etiam
313 968 353 1032 ab
373 965 538 1054 Aristoph.
563 990 637 1034 ares
660 969 746 1033 1660
768 987 835 1053 999.
861 965 923 1047 (ed.
944 965 1078 1051 Bergk.)
1101 967 1162 1030 hoo
1182 965 1294 1032 891991
1317 965 1476 1031 tribuitur.
1522 965 1661 1033 Videtur
1683 964 1783 1052 igitur
1804 972 1876 1054 post
1895 954 2047 1034 89199991

181 1095 214 1156 91
241 1089 371 1176 quidem
398 1091 567 1178 praecipue
597 1091 633 1156 in
659 1091 744 1157 bello
773 1088 1039 1177 peloponnesiaco
1069 1088 1144 1154 filiis
1173 1088 1325 1174 legitimis
1354 1088 1420 1154 fere
1451 1087 1598 1154 omnibus
1621 1089 1798 1176 absumptis
1826 1089 1879 1155 lex
1899 1091 2047 1177 99319919

182 1235 270 1292 esse,
306 1236 402 1299 quam
430 1215 471 1278 ob
500 1237 568 1278 rem
598 1215 637 1280 ab
665 1213 802 1278 Euclide
832 1213 983 1278 archonte
1014 1211 1118 1277 denuo
1147 1212 1268 1278 sancita
1296 1217 1344 1278 991
1371 1211 1410 1278 cf.
1435 1211 1623 1289 Hermann,
1660 1211 1894 1279 Staataalterth.
1926 1214 2045 1294 5118.

182 1333 301 1402 Nothis
331 1336 430 1423 igitur
458 1359 475 1400 e
503 1338 573 1423 lege
601 1359 667 1401 999
694 1337 812 1402 licebat
838 1357 926 1400 sacra
954 1335 1080 1422 privata
1106 1334 1248 1400 familiae
1275 1336 1374 1423 patris
1402 1333 1586 1420 (α’γχιοτεία
1608 1339 1676 1404 τῶν
1699 1340 1808 1426 ἱερῶν)
1834 1335 2048 1422 9111999999

181 1461 250 1528 sine
283 1465 474 1526 testamento
508 1460 681 1546 quidquam
713 1461 813 1547 patris
845 1459 975 1546 ejusque
1009 1463 1215 1544 cognatorum
1245 1457 1431 1524 hereditatis
1464 1456 1648 1544 (δγχιστοία
1681 1463 1749 1527 τοῖν
1780 1456 1893 1536 όσίιον)
1924 1459 1965 1524 ad
1993 1481 2049 1526 eos

134 1608 139 1612 ·
183 1583 381 1650 deveniebat.

861 1764 882 1862 ς
915 1757 980 1842 lt.
1035 1758 1099 1839 Ile
1127 1757 1224 1857 lege
1252 1762 1273 1860 5
1302 1757 1370 1841 54.

346 1958 421 2022 Τοῖν
443 1957 628 2044 ἐπικλήρων
647 1951 724 2023 όσαι
744 1957 884 2043 θητικόν
903 1957 1061 2032 τελοῦσιν,
1085 1955 1149 2020 ἐοὶν
1167 1955 1211 2040 μή
1232 1954 1393 2040 βούληται
1413 1955 1502 2039 ἐχειν
1521 1951 1542 2019 δ
1560 1955 1725 2038 ἐγγύτατα
1745 1966 1869 2038 γένους,
1893 1955 2048 2021 ἐκδιδότω

182 2079 316 2156 ἐπιδοῦς
343 2075 364 2143 δ
388 2085 451 2165 μὲν
473 2080 824 2164 πεντακοσιομέδιμνος
854 2090 1072 2154 πεντακοσίας
1100 2077 1270 2166 δραχμαῖς,
1304 2073 1324 2142 δ
1347 2079 1379 2144 δ’
1406 2079 1525 2152 toneris,
1552 2092 1760 2167 τριακοσίας,
1796 2074 1817 2144 ό
1838 2079 1875 2144 δέ
1903 2080 2046 2165 ζευγίτης

182 2203 304 2270 ἐκατδν
331 2203 552 2290 πεντήκοντα,
589 2205 671 2290 πρός
699 2202 748 2280 οἷς
771 2199 888 2289 αῦτῆς.
919 2203 982 2269 ἐοὶν
1004 2202 1040 2267 δὲ
1067 2205 1198 2276 πλείους
1223 2197 1303 2270 οἶσιν
1329 2202 1366 2268 ἐν
1387 2205 1435 2291 aqi
1459 2197 1552 2292 αῦτοῇ
1574 2212 1677 2285 γένοι,
1713 2205 1754 2300 τῇ
1777 2202 1940 2292 ἐπικλήρῳ
1965 2203 2047 2288 πρδς

182 2335 278 2414 μέρος
305 2327 494 2393 ἐπιδιδόναι
522 2331 680 2404 ἕκαστον,
717 2327 780 2398 ἐδν
811 2327 886 2393 tut
918 2337 1068 2408 γυναῖκες
1101 2327 1230 2403 πλείους
1257 2319 1337 2404 (doc,
1373 2327 1417 2413 μῆ
1449 2326 1636 2409 ἐπάναγκες
1665 2325 1753 2394 εἶναι
1783 2328 1885 2393 πλέον
1913 2321 1936 2413 ἢ
1965 2337 2049 2410 μίαν

183 2449 336 2518 ἐκδοῦναι
366 2453 413 2539 uqi
441 2460 543 2533 γένει,
578 2447 665 2517 ἄλλα
694 2451 754 2517 τόν
776 2450 942 2533 ἐγγύτατα
969 2449 1020 2514 δεῖ
1040 2449 1208 2516 ἐκδιδόναι
1229 2446 1251 2538 ῆ
1275 2446 1380 2518 αῦτδν
1402 2450 1503 2535 ἐχειν.
1534 2449 1598 2517 lav
1623 2451 1661 2516 δέ
1682 2451 1727 2536 μή
1755 2449 1813 2546 ἐχργ
1837 2445 1858 2514 ό
1879 2450 2048 2532 ἐγγυτάτω

182 2581 294 2654 γένους
323 2570 345 2660 ῆ
371 2574 416 2661 μή
447 2573 532 2664 ἐκδῷ
559 2571 579 2639 ό
606 2570 719 2661 ἄρχων
751 2575 1011 2656 ἐπαναγκαζέτω
1038 2571 1059 2661 ῆ
1083 2568 1187 2642 αῦτδν
1212 2573 1300 2659 ἐχειν
1325 2570 1348 2662 ἢ
1372 2575 1540 2642 ἐκδοῦναι.
1571 2573 1634 2640 ἐδν
1656 2574 1693 2640 δέ
1714 2573 1758 2661 μῆ
1787 2573 2003 2671 ἐπαναγκάσῃ
2028 2570 2049 2639 ό

182 2690 313 2784 ἄρχων,
346 2691 502 2782 όφειλέτοι
525 2701 634 2782 χιλίας
659 2698 811 2786 δραχμοὲς
838 2699 927 2786 ἱερός
955 2701 996 2796 τῇ
1015 2692 1117 2790 Ἥρᾳ.
1152 2692 1374 2786 οἷπογραφίτιο
1402 2698 1437 2764 δὲ
1459 2697 1584 2784 τόνμή
1609 2701 1770 2765 ποιοῦντα
1797 2700 1906 2764 ταῦτα
1930 2692 1951 2768 δ
1972 2701 2048 2775 δου-

183 2819 320 2905 λόμενος
350 2823 432 2909 πρδς
462 2823 521 2889 τδν
549 2818 711 2910 ἄρχοντα.

343 2943 413 3008 Lex
445 2942 512 3029 9311
543 2944 582 3009 de
614 2943 740 3010 filiabus
772 2942 972 3009 hereditariis
1000 2967 1039 3009 ex
1065 2943 1175 3008 ordine
1202 2942 1487 3022 mercenariorum,
1524 2966 1601 3028 9999
1628 2949 1665 3008 91
1694 2965 1809 3029 399919
1841 2943 1980 3031 proximi
2011 2943 2047 3010 in

183 3067 302 3132 civium
321 3067 421 3133 919999
444 3067 604 3155 superiore
628 3069 733 3154 siqui
756 3075 831 3135 sunt
853 3074 909 3134 aut
931 3068 965 3133 in
988 3065 1228 3134 matrimonium
1250 3066 1368 3132 ducant
1391 3070 1447 3131 991
1469 3065 1543 3130 dote
1567 3065 1640 3131 data
1660 3068 1825 3146 collocent,
1850 3067 2045 3155 praescribit.

183 3191 275 3256 Num
297 3191 576 3277 3999199911191
599 3215 618 3257 9
640 3191 729 3256 99119
753 3191 856 3257 adhue
879 3191 913 3256 iu
937 3191 1070 3257 dubium
1091 3195 1324 3268 9999199991,
1354 3189 1416 3256 nisi
1439 3213 1458 3255 9
1480 3189 1622 3254 81991119
1645 3191 1667 3254 l.
1692 3213 1718 3256 9.
1742 3213 1813 3278 pag.
1840 3192 1904 3256 742
1927 3191 2046 3258 caussis

182 3314 313 3399 quidem
342 3313 558 3401 probabilibus
585 3314 685 3380 nullis
715 3314 831 3380 allatis.
867 3353 910 3361 -
944 3313 1090 3380 Primum
1117 3313 1259 3400 quaestio
1288 3313 1447 3379 movenda
1476 3319 1541 3392 991,
1578 3335 1659 3399 quae
1686 3314 1752 3380 9191
1778 3317 1945 3405 ἐπίκληροι
1967 3313 2047 3386 όσοι

183 3441 324 3525 θητικόν
353 3443 514 3508 τελοῦσιν·
551 3441 724 3531 ἐπίκληρος
753 3460 833 3524 9999
863 3437 905 3503 911
931 3438 1195 3526 explicationibus
1225 3437 1521 3524 lexicographorum
1551 3460 1629 3522 9999
1658 3460 1729 3524 pag.
1756 3437 1799 3502 25
1822 3443 1854 3502 et
1878 3439 1921 3504 26
1949 3440 2046 3506 attuli

180 3558 249 3647 jam
272 3567 403 3627 9999191.
451 3566 591 3651 θητικόν
613 3567 752 3633 τελοῦσα
782 3567 889 3628 991919
912 3561 1029 3628 dicitur
1056 3564 1243 3652 ἐπίκληρος,
1275 3560 1374 3626 91991
1400 3583 1439 3625 91
1461 3559 1571 3626 infimo
1594 3559 1713 3626 civium
1736 3560 1857 3626 ordine.
1896 3561 1935 3628 91.
1960 3563 2045 3630 Ρ911.

183 3681 283 3762 Vm,
310 3684 351 3748 13
374 3689 406 3749 91
427 3686 570 3766 Boechh,
596 3687 921 3774 Staatshaushaltung
941 3685 1004 3752 Bd.
1025 3684 1063 3750 11
1086 3708 1157 3772 pag.
1174 3687 1226 3750 36.
1273 3684 1410 3750 Femina
1431 3691 1538 3750 autem
1560 3685 1635 3750 orba
1657 3686 1717 3750 hac
1737 3685 1904 3763 91919999,
1929 3685 2048 3775 quippe

184 3829 265 3891 quae
288 3807 412 3872 nullam
434 3807 500 3874 fere
523 3817 688 3897 paternam
716 3811 926 3876 hereditatem
949 3809 1133 3896 accepisset,
1170 3810 1209 3873 ab
1232 3807 1485 3873 Atheniensibus
1514 3813 1625 3897 θῆσσα
1644 3808 1871 3895 ¹appellabatur
1898 3809 1937 3876 91.
1961 3811 2047 3878 Η91·

183 3935 302 4017 pocrat.
327 3955 351 3997 9.
376 3955 406 3996 v.
431 3937 544 4020 θῆτες,
568 3934 751 4038 99119399
774 3934 812 3998 da
836 3957 899 4018 qua
922 3932 1045 4018 agimus
1072 3931 1195 4010 laudat,
1220 3932 1305 3998 Poll.
1330 3932 1400 4009 ΙΠ,
1432 3933 1475 3996 33
1500 3931 1589 3998 8911.
1614 3955 1638 3998 s.
1662 3957 1692 3998 v.
1716 3937 1828 4022 θῆσσα
1852 3937 2044 4022 91699919.

185 4053 222 4121 81
251 4053 350 4141 131191
382 4059 493 4144 θῆσσα
523 4056 679 4142 quaedam
709 4056 901 4144 propinquos
929 4055 1042 4122 habuit
1072 4055 1106 4120 in
1138 4056 1238 4122 classe
1271 4055 1448 4142 superiore,
1478 4055 1517 4121 ab
1546 4055 1596 4122 his
1628 4063 1684 4122 aut
1712 4056 1858 4122 ducenda
1887 4062 1943 4121 991
1973 4058 2047 4123 dote

186 4176 333 4244 donanda
361 4177 438 4258 1911,
474 4203 538 4265 999
564 4180 604 4246 de
639 4181 711 4266 1939
741 4179 934 4246 Atheniensi
947 4181 970 4263 1)
1003 4178 1100 4244 etiam
1127 4177 1297 4244 Terentius
1324 4179 1391 4266 9311
1416 4179 1579 4245 Phormio.
1609 4181 1641 4259 I,
1670 4181 1721 4261 H,
1755 4183 1797 4246 75
1835 4181 1905 4246 Lex
1934 4185 1983 4246 est
2010 4187 2047 4248 91

186 4301 289 4379 orbae,
314 4301 368 4386 qui
388 4309 463 4368 sunt
482 4325 597 4389 genere
619 4305 775 4390 proxumi,
792 4303 801 4392 ll
816 4303 875 4370 Eis
898 4305 1028 4382 nubant,
1054 4308 1086 4368 91
1108 4303 1182 4368 11199
1202 4302 1316 4368 ducere
1337 4301 1447 4368 eadem
1470 4304 1548 4368 haec
1571 4305 1624 4369 lex
1641 4303 1774 4392 jubetll,
1800 4310 1832 4370 et
1854 4305 1901 4382 Π,
1919 4305 1985 4383 ΠΙ,
2003 4307 2047 4370 60

184 4423 258 4490 Etsi
281 4423 362 4488 mihi
383 4423 466 4492 facto
489 4427 645 4514 injuriast,
674 4451 785 4494 verum
808 4433 916 4494 tamen
931 4425 940 4516 ll
969 4427 1083 4492 Ρ91199
1106 4449 1202 4511 quam
1224 4425 1291 4492 11119
1314 4433 1416 4493 999191
1439 4432 1494 4492 991
1516 4451 1612 4513 99919
1634 4433 1666 4493 19
1690 4427 1817 4494 audiam
1832 4427 1842 4516 ll
1869 4426 1988 4492 Itidem
2011 4434 2047 4494 ut

185 4551 321 4634 9939919
343 4548 371 4614 91
393 4549 452 4627 911,
489 4549 522 4614 id
545 4551 629 4637 quod
652 4552 704 4618 191
723 4552 816 4640 jubet
835 4551 844 4640 ll
875 4550 970 4616 Dotis
994 4549 1082 4630 dare,
1114 4551 1234 4616 abduce
1257 4551 1358 4630 hanc,
1395 4551 1497 4616 minas
1520 4551 1660 4636 quinque
1684 4551 1800 4637 accipe.
1837 4589 1879 4596 —
1915 4551 2048 4620 Studui't

185 4677 269 4738 certo
293 4671 370 4739 8919
399 4671 534 4739 19191999
558 4676 597 4740 ab
621 4677 733 4741 acerba
759 4680 945 4763 paupertate
971 4673 1140 4739 defendere
1164 4675 1220 4741 sed
1243 4673 1297 4753 ita,
1321 4680 1358 4740 ut
1380 4674 1514 4760 singulis
1538 4680 1663 4741 lantum
1686 4697 1752 4740 nou
1774 4673 1894 4739 aerario
1919 4674 2046 4761 publico

185 4800 330 4880 sumptus
361 4797 482 4863 fierent.
541 4798 618 4863 Non
646 4805 753 4864 991919
780 4821 890 4864 omnes
918 4797 1130 4886 propinquos,
1167 4798 1227 4863 etsi
1250 4797 1362 4862 eodem
1390 4797 1490 4884 gradu
1518 4798 1645 4884 cognati
1668 4803 1776 4877 erant,
1812 4798 1924 4863 eodem
1951 4798 2047 4863 modo

349 5076 368 5146 ¹)
406 5079 478 5142 Quae
497 5081 560 5149 quin
578 5099 594 5134 9
613 5081 717 5149 Solone,
742 5083 783 5134 cui
802 5083 880 5136 etium
899 5099 914 5134 a
933 5081 1040 5134 Diodor.
1061 5081 1107 5134 lib.
1129 5081 1192 5148 XII,
1215 5084 1257 5149 18,
1279 5083 1295 5132 2
1314 5081 1442 5147 tribuitur,
1466 5081 1561 5149 scripta
1580 5081 1621 5148 911,
1643 5080 1755 5134 dubitari
1773 5099 1826 5134 999
1844 5089 1938 5150 potest.
