4638 5644
1153 196 1176 272 7

231 476 263 518 u.
288 477 313 520 s.
338 477 376 518 w.
402 454 449 518 als
471 449 697 536 nothwendige
720 447 834 513 Theile
857 447 913 513 der
934 447 1041 527 Rede,
1076 471 1171 512 wenn
1194 447 1240 512 sie
1266 446 1318 512 fur
1344 445 1471 510 weitere
1494 443 1711 531 Verbreitung
1737 443 1964 529 vervielhtltigt
1987 445 2096 509 wurde

235 626 397 641 .......
421 574 562 640 Hieraus
591 572 712 660 ergiebt
739 571 824 650 sich,
860 572 950 648 dass,
987 594 1080 636 wenn
1115 571 1183 637 sich
1216 570 1251 634 in
1286 570 1412 654 einigen
1440 568 1553 634 Reden
1582 569 1665 634 noch
1687 569 1769 656 jetrt
1795 567 1847 633 die
1878 567 2095 632 Actenstr'lclre

233 698 414 764 sdmmtlich
438 698 514 763 oder
537 695 713 762 theilweise
735 694 916 772 vor-finden,
949 694 1111 760 dieselben
1134 695 1264 773 ebenso,
1296 693 1357 758 wie
1384 692 1429 758 sie
1457 693 1513 757 der
1535 691 1702 761 Verfasser
1725 691 1970 776 eingeseheltet,
2006 691 2096 756 ilber-

233 821 348 899 liafert,
372 821 569 906 heineswegs
593 825 658 884 eret
680 817 714 882 in
737 823 878 905 spaterer
900 817 976 882 Zeit
998 839 1062 882 von
1084 819 1251 904 gelehrten
1273 816 1430 882 Editoren
1453 839 1509 879 aus
1525 814 1690 879 Archiven
1712 814 1780 879 und
1802 783 2097 879 Urkundensamm·

234 943 354 1030 langen
377 942 608 1028 eingeschaltet
633 941 705 1007 sind
724 993 729 1006 .
748 993 754 1005 .
775 992 807 1007 ..
847 941 897 1007 Ist
919 941 1061 1026 dagegen
1088 941 1122 1005 in
1149 940 1211 1005 den
1238 939 1371 1004 meisten
1395 938 1508 1003 Reden
1531 959 1595 1002 von
1623 937 1685 1003 den
1707 937 1886 1003 Urkunden
1910 937 2026 1003 Niehts
2049 939 2096 1004 als

234 1066 286 1134 die
310 1054 550 1132 llberschristen
573 1065 755 1150 gehlieben,
785 1087 820 1130 so
843 1065 948 1130 lassen
971 1064 1039 1130 sich
1063 1063 1257 1129 mancherlei
1279 1061 1529 1148 Mdglichheiten
1553 1061 1696 1140 denken,
1733 1062 1793 1127 wie
1816 1061 1871 1126 das
1895 1062 2094 1148 gelrommen.

234 1189 442 1255 Nameutlich
466 1187 571 1253 durfte
594 1187 651 1252 der
673 1187 833 1252 Umstand
856 1186 924 1252 sich
947 1186 1106 1252 anfdhren
1127 1187 1241 1266 lassen,
1267 1187 1339 1252 dass
1362 1186 1418 1251 das
1441 1183 1592 1252 Studium
1615 1184 1671 1250 der
1694 1185 1850 1252 attischen
1869 1185 1999 1251 Redner
2020 1185 2096 1249 bald

233 1309 458 1398 dherwiegend
487 1310 533 1376 im
559 1312 719 1376 Interesse
747 1310 804 1375 der
826 1309 984 1376 Rhetorik
1014 1311 1080 1375 und
1109 1311 1165 1375 der
1192 1309 1348 1375 attischen
1371 1308 1503 1374 Diction
1529 1310 1693 1375 betriehen
1719 1310 1845 1388 winde,
1882 1307 2095 1374 woraussich

233 1436 320 1503 deun
343 1434 394 1502 die
417 1436 621 1519 Auslassung
641 1435 733 1521 jener
754 1431 913 1519 Beilagen
935 1455 998 1498 von
1021 1456 1083 1500 nur
1106 1433 1298 1500 sachlichem
1321 1434 1480 1499 Interesse
1502 1457 1559 1520 gar
1582 1435 1666 1499 wohl
1690 1433 1836 1498 erkltren
1858 1425 1961 1499 lieseess
1985 1470 2028 1478 —

345 1595 349 1603 =
392 1559 507 1644 Itaque
530 1557 626 1624 falsas
649 1557 812 1637 formulas,
837 1579 917 1643 quae
940 1580 1026 1623 nunc
1048 1557 1084 1622 in
1099 1557 1294 1623 orationibus
1316 1557 1517 1644 reperiuntur
1539 1563 1609 1622 tum
1625 1557 1754 1622 demum
1777 1557 1900 1624 additas
1921 1581 1997 1636 esse,
2023 1581 2096 1623 eum

233 1704 327 1746 verae
350 1683 389 1746 ab
412 1683 481 1769 ipso
505 1688 630 1747 oratore
653 1681 792 1747 insertae
814 1679 1014 1761 excidissent,
1039 1703 1178 1746 censeo.⁸

393 1809 414 1886 ξ
437 1806 466 1870 3.
514 1804 648 1871 Nullius
671 1811 779 1871 autem
801 1804 956 1870 momenti
982 1803 1064 1870 mihi
1086 1805 1304 1870 videturesse
1327 1805 1367 1869 ad
1390 1804 1608 1891 quaestionem
1632 1806 1671 1870 de
1698 1803 1764 1870 illis
1786 1804 1932 1871 formulis
1955 1829 2014 1884 res,
2044 1803 2095 1871 cui

234 1927 383 1994 nonnulli
412 1927 473 1992 viri
497 1927 582 1994 docti
609 1951 758 2014 magnam
785 1927 852 1992 vim
876 1927 1041 2008 tribuunt,
1078 1927 1149 1993 dico
1176 1926 1434 1994 stichometriam.
1492 1928 1580 1994 Nam
1607 1929 1716 1994 multis
1746 1927 1849 1992 modis
1876 1926 2031 1994 formulae
2060 1928 2096 1994 in

233 2051 414 2138 archetypis
438 2057 560 2117 exstare
583 2057 769 2138 potuerunt,
796 2075 900 2137 neque
922 2056 1030 2116 tamen
1052 2052 1093 2116 ad
1119 2073 1268 2117 numeros
1291 2074 1440 2117 versuum
1463 2051 1642 2117 orationum
1665 2051 1837 2139 pertinere,
1870 2074 1948 2139 quos
1972 2051 2096 2118 codices

234 2153 327 2242 nohis
348 2173 556 2241 tradiderunt.
604 2173 641 2241 Si
663 2174 759 2254 enim,
784 2181 821 2241 ut
836 2174 968 2240 (laetere
983 2173 1112 2239 Rhodio
1135 2179 1168 2239 et
1186 2173 1387 2260 Hieronymo
1407 2174 1587 2240 auctoribus
1610 2181 1753 2240 constare
1773 2174 1946 2258 videtur1),
1972 2174 2095 2240 codices

234 2303 379 2364 veterum
401 2321 458 2386 per
480 2298 551 2362 cola
573 2296 682 2386 scripti
704 2303 810 2378 erant,
845 2297 1054 2363 formularum
1076 2296 1114 2361 in
1141 2296 1283 2364 versibus
1310 2297 1515 2364 numerandis
1541 2299 1622 2364 ratio
1649 2297 1759 2364 haberi
1785 2297 1839 2362 vix
1865 2298 1978 2385 potuit.
2033 2299 2095 2363 Po·

234 2427 365 2487 tuerunt
387 2420 484 2486 etiarn
510 2419 545 2485 in
571 2421 714 2508 margine
737 2421 914 2510 adscriptae
936 2442 1020 2500 esse,
1055 2421 1152 2486 utin
1179 2421 1343 2488 nonnullis
1367 2421 1526 2487 codicibus
1554 2421 1650 2486 etism
1677 2445 1763 2488 nunc
1790 2423 1949 2507 leguntur.
2007 2421 2096 2487 Fieri

235 2544 372 2632 denique
395 2544 516 2631 potuit,
545 2544 631 2630 quod
653 2544 891 2631 Droysenius')
914 2543 1074 2631 opinatur,
1103 2550 1140 2610 ut
1162 2544 1196 2609 in
1219 2546 1319 2611 altero
1342 2547 1514 2634 archetypo
1537 2550 1712 2625 exstarent,
1740 2545 1775 2610 in
1799 2546 1912 2622 eltero,
1937 2544 1978 2608 ad
2001 2567 2095 2630 quem

234 2666 458 2754 pertinuerunt
479 2667 604 2733 numeri
627 2667 676 2732 illi
698 2691 858 2748 versuum,
883 2668 1038 2734 deessent.
1067 2707 1109 2720 -
1139 2667 1290 2754 Dionysii
1312 2693 1388 2734 vero
1411 2669 1703 2736 Halicamassensis
1725 2667 1920 2755 temporibus
1944 2669 2012 2755 jam
2034 2668 2096 2734 for·

235 2792 339 2855 mulas
362 2790 519 2877 ejusmodi
542 2791 577 2855 in
600 2790 760 2857 codicibus
783 2789 954 2870 exstitisse,
986 2815 1024 2856 ex
1048 2814 1085 2856 eo
1109 2792 1225 2871 elucet,
1255 2793 1340 2878 quod
1363 2793 1418 2858 ille
1442 2799 1551 2858 auctor
1561 2793 1586 2876 1)
1609 2795 1755 2884 γραφήν,
1784 2811 1880 2877 quam
1903 2791 1980 2856 dicit
2003 2819 2096 2882 προς-

235 2925 397 3000 κειμένην,
422 2912 578 2978 Dinarchi
602 2913 735 2980 oratoris
758 2919 868 2980 contre
889 2915 1073 2980 Proxenum
1095 2913 1194 2980 affert.
1226 2953 1269 2962 -
1299 2915 1393 2980 Nihil
1417 2939 1492 3002 ergo
1514 2916 1641 2981 videtur
1664 2937 1740 2994 esse,
1770 2938 1825 2979 cur
1847 2914 2001 2980 formulas
2023 2913 2096 2981 illas

236 3035 386 3124 opinione
408 3036 624 3122 praejudicata
639 3037 859 3126 suppositieias
876 3036 1045 3104 existimes.
1086 3036 1239 3122 Quaestio
1262 3061 1327 3102 non
1342 3039 1382 3103 ad
1405 3038 1563 3124 liquidum
1586 3038 1717 3125 perduci
1739 3044 1844 3135 potest
1865 3039 1927 3103 nisi
1951 3038 2096 3106 formulis

236 3163 269 3224 et
291 3159 425 3246 singulis
449 3165 482 3225 et
504 3161 651 3226 omnibus
673 3161 708 3225 in
731 3167 910 3227 accuratam
933 3161 1195 3247 disceptationem
1217 3161 1346 3226 vocatis.

395 3281 480 3348 Cum
495 3289 602 3348 autem
624 3306 642 3348 e
662 3289 730 3348 toto
747 3284 809 3349 hoc
824 3289 1010 3370 argumento
1027 3283 1148 3370 aliquid
1164 3284 1280 3372 eligere
1296 3289 1465 3373 oporteret,
1486 3284 1526 3350 ad
1541 3285 1615 3350 illas
1635 3290 1760 3350 tantum
1777 3286 1884 3371 legum
1900 3286 2097 3352 testimonio-

235 3429 369 3491 rumque
398 3404 564 3486 sormulas‚
594 3429 675 3492 quae
703 3405 737 3470 in
759 3407 987 3474 Demosthenis
1015 3430 1095 3494 quae
1118 3407 1218 3474 fertur
1248 3409 1390 3474 oratione
1416 3408 1452 3474 in
1478 3408 1691 3473 Macartatum
1713 3409 1922 3496 reperiuntur,
1947 3411 2096 3497 spectari.

395 3533 415 3609 g
437 3531 468 3593 4.
515 3529 706 3616 Priusquam
734 3529 774 3595 ad
801 3553 868 3596 rem
894 3531 996 3618 ipsam
1022 3532 1277 3619 pertractandam
1304 3532 1467 3611 accedam,
1495 3555 1598 3619 pauca
1627 3531 1662 3599 in
1684 3530 1869 3598 universum
1892 3533 1932 3599 de
1955 3533 2096 3600 oratione

236 3650 295 3716 illa
323 3649 491 3738 proferam.
550 3651 661 3719 Oratio
692 3652 729 3719 in
754 3654 967 3721 Macartatum
995 3654 1073 3740 quin
1095 3653 1323 3721 Demosthenis
1354 3659 1456 3734 esset,
1491 3663 1615 3721 veteres
1643 3655 1744 3722 critici
1769 3679 1836 3722 non
1862 3657 2095 3724 dubitaverunt.

236 3773 414 3860 Dionysius
443 3775 568 3860 quoque
597 3775 888 3845 Helicamasssnsis
902 3803 981 3845 -esm
1008 3779 1094 3845 inter
1115 3779 1273 3844 orationes
1300 3779 1333 3844 in
1364 3777 1483 3843 caussis
1509 3778 1641 3866 privatis
1673 3803 1707 3845 re
1733 3803 1809 3845 vera
1834 3803 1854 3846 a
1878 3749 2099 3850 Demosthene¹

238 3897 426 3985 conscriptis
458 3900 650 3982 numerem).
697 3899 800 3964 Primi
828 3901 1040 3984 Benslerus⁶)
1071 3905 1104 3966 et
1130 3901 1173 3966 A.
1199 3899 1423 3986 Schael'erus0)
1452 3901 1628 3967 orationem
1654 3902 1913 3969 sDemosthene
1936 3927 2003 3970 esse
2026 3929 2098 3992 pro·

237 4020 354 4087 lectam
380 4028 598 4108 negaverunt,
634 4021 686 4088 cui
709 4021 831 4110 judicio
858 4024 976 4092 caussis
1002 4025 1079 4091 satis
1105 4023 1321 4112 probabilibus
1343 4025 1530 4090 confirmato
1552 4048 1663 4091 omnes
1685 4024 1745 4091 viri
1773 4027 1858 4092 docti
1881 4028 2000 4094 assensi
2023 4035 2099 4096 sunt

237 4143 289 4224 (ef.
306 4143 402 4210 Blass
424 4144 548 4210 attiach.
573 4144 705 4210 Bereds.
723 4145 789 4225 ΠΙ,
816 4149 844 4227 1,
869 4171 920 4235 pg.
937 4149 1004 4214 489
1026 4152 1115 4234 sqq).
1164 4146 1248 4214 (lum
1267 4152 1374 4214 autern
1396 4171 1500 4227 nemo,
1524 4149 1558 4215 id
1578 4150 1663 4236 quod
1685 4151 1789 4216 solum
1812 4151 1853 4216 ad
1869 4151 2095 4236 quaestionem,

400 4425 420 4493 ¹)
457 4427 491 4480 es.
513 4427 603 4496 Blass,
634 4445 680 4480 zur
697 4427 781 4497 Frage
804 4431 868 4483 dher
890 4430 932 4483 die
950 4430 1130 4485 Stichometrie
1155 4431 1200 4484 der
1218 4429 1298 4484 Alteri
1323 4431 1350 4484 in
1373 4431 1468 4486 Rhein.
1488 4431 1606 4484 Museum
1629 4433 1679 4485 Bd.
1700 4436 1735 4486 24
1760 4452 1819 4502 pag.
1843 4437 1893 4486 524
1916 4452 1971 4502 sqq.
2010 4433 2095 4502 Idem,

238 4514 348 4568 attisms
366 4515 561 4568 Beredmmheit
578 4516 628 4569 Bd.
649 4516 701 4585 111,
724 4521 736 4570 l
757 4535 817 4586 pag.
839 4521 891 4572 105
909 4535 966 4587 sqq.
2019 4520 2021 4524 ’

398 4615 421 4688 ²)
456 4620 605 4674 zeitschrift
623 4621 667 4676 ihr
684 4623 726 4676 die
743 4624 937 4678 Altenlrumsrr.
959 4627 1028 4679 1889
1046 4642 1106 4694 pag.
1129 4630 1180 4680 955
1199 4634 1225 4678 et
1244 4628 1312 4678 1845
1330 4643 1391 4694 pag.
1414 4630 1456 4679 15,

398 4723 420 4794 ³)
456 4725 588 4779 dudicium
607 4728 639 4781 de
657 4727 789 4784 Dinarcho
808 4731 859 4784 vol.
882 4730 906 4782 V
924 4748 984 4799 pag.
1006 4735 1067 4784 655.

396 4828 419 4898 ⁴)
455 4831 496 4884 De
514 4831 667 4886 admiranda
684 4834 709 4886 ri
728 4834 829 4888 dicendi
848 4836 875 4888 in
893 4835 1027 4890 Demosth.
1050 4842 1092 4891 13.

398 4933 420 5005 ⁵)
456 4936 498 4990 De
515 4937 588 4991 hiatu
606 4955 666 5006 pag.
689 4941 739 4992 137
759 4949 785 4994 et
804 4945 852 4994 151
874 4959 930 5010 sqq.

398 5037 422 5109 ⁸)
457 5041 644 5098 Demosthenes
661 5043 716 5097 und
733 5047 804 5100 scine
821 5047 878 5100 Zeit
895 5047 945 5117 m,
969 5053 981 5101 1
1002 5065 1062 5117 pag.
1084 5051 1145 5102 229.
