<?xml version="1.0" encoding="UTF-8"?>
<!DOCTYPE html PUBLIC "-//W3C//DTD XHTML 1.0 Transitional//EN"
    "http://www.w3.org/TR/xhtml1/DTD/xhtml1-transitional.dtd">
<html xmlns="http://www.w3.org/1999/xhtml" xml:lang="en" lang="en">
 <head>
  <title>
</title>
<meta http-equiv="Content-Type" content="text/html;charset=utf-8" />
  <meta name='ocr-system' content='tesseract 3.04.00' />
  <meta name='ocr-capabilities' content='ocr_page ocr_carea ocr_par ocr_line ocrx_word'/>
</head>
<body>
  <div class='ocr_page' id='page_1' title='image "./delitisinstrume00wachgoog_0009.png"; bbox 0 0 4638 5644; ppageno 0'>
   <div class='ocr_carea' id='block_1_1' title="bbox 234 1695 2095 2106">
    <p class='ocr_par' dir='ltr' id='par_1_1' title="bbox 234 1695 2095 2106">
     <span class='ocr_line' id='line_1_1' title="bbox 234 1695 2095 1892; baseline -0.003 -38"><span class='ocrx_word' id='word_1_1' title='bbox 234 1703 313 1854; x_wconf 85' lang='lat' dir='ltr'><strong>[ie</strong></span> <span class='ocrx_word' id='word_1_2' title='bbox 362 1699 464 1854; x_wconf 87' lang='lat' dir='ltr'><strong>litis</strong></span> <span class='ocrx_word' id='word_1_3' title='bbox 513 1699 887 1853; x_wconf 76' lang='lat' dir='ltr'><strong>instrumentis</strong></span> <span class='ocrx_word' id='word_1_4' title='bbox 936 1699 984 1850; x_wconf 91' lang='lat' dir='ltr'><strong>in</strong></span> <span class='ocrx_word' id='word_1_5' title='bbox 1026 1695 1409 1851; x_wconf 83' lang='lat' dir='ltr'><strong>Demosthenis</strong></span> <span class='ocrx_word' id='word_1_6' title='bbox 1451 1745 1591 1892; x_wconf 84' lang='lat' dir='ltr'><strong>quae</strong></span> <span class='ocrx_word' id='word_1_7' title='bbox 1635 1695 1814 1848; x_wconf 88' lang='lat' dir='ltr'><strong>iertur</strong></span> <span class='ocrx_word' id='word_1_8' title='bbox 1850 1695 2095 1850; x_wconf 85' lang='lat' dir='ltr'><strong>oratione</strong></span> 
     </span>
     <span class='ocr_line' id='line_1_2' title="bbox 923 1915 1405 2106; baseline -0.004 -1"><span class='ocrx_word' id='word_1_9' title='bbox 923 1951 972 2106; x_wconf 93' lang='lat' dir='ltr'><strong>in</strong></span> <span class='ocrx_word' id='word_1_10' title='bbox 1028 1915 1405 2106; x_wconf 73' lang='lat' dir='ltr'><strong>Macanatun.</strong></span> 
     </span>
    </p>
   </div>
   <div class='ocr_carea' id='block_1_2' title="bbox 231 2305 2099 4366">
    <p class='ocr_par' dir='ltr' id='par_1_2' title="bbox 231 2305 2099 4366">
     <span class='ocr_line' id='line_1_3' title="bbox 390 2305 2095 2396; baseline 0.001 -23"><span class='ocrx_word' id='word_1_11' title='bbox 390 2311 465 2390; x_wconf 65' lang='lat'><strong>51.</strong></span> <span class='ocrx_word' id='word_1_12' title='bbox 513 2309 667 2394; x_wconf 75' lang='lat' dir='ltr'><strong>Quaestio</strong></span> <span class='ocrx_word' id='word_1_13' title='bbox 690 2310 877 2396; x_wconf 76' lang='lat' dir='ltr'><strong>(lelegum,</strong></span> <span class='ocrx_word' id='word_1_14' title='bbox 912 2309 1127 2390; x_wconf 83' lang='lat' dir='ltr'><strong>decretorum,</strong></span> <span class='ocrx_word' id='word_1_15' title='bbox 1157 2309 1412 2376; x_wconf 76' lang='lat' dir='ltr'>testimoniorum</span> <span class='ocrx_word' id='word_1_16' title='bbox 1438 2307 1601 2386; x_wconf 86' lang='lat' dir='ltr'><strong>formulis,</strong></span> <span class='ocrx_word' id='word_1_17' title='bbox 1633 2329 1713 2392; x_wconf 89' lang='lat' dir='ltr'><strong>quae</strong></span> <span class='ocrx_word' id='word_1_18' title='bbox 1739 2305 1774 2369; x_wconf 93' lang='lat' dir='ltr'><strong>in</strong></span> <span class='ocrx_word' id='word_1_19' title='bbox 1798 2305 1993 2372; x_wconf 89' lang='lat' dir='ltr'><strong>orationibus</strong></span> <span class='ocrx_word' id='word_1_20' title='bbox 2016 2331 2095 2374; x_wconf 90' lang='lat' dir='ltr'><strong>non·</strong></span> 
     </span>
     <span class='ocr_line' id='line_1_4' title="bbox 231 2429 2096 2518; baseline -0.001 -20"><span class='ocrx_word' id='word_1_21' title='bbox 231 2433 331 2498; x_wconf 88' lang='lat' dir='ltr'><strong>nullis</strong></span> <span class='ocrx_word' id='word_1_22' title='bbox 353 2437 515 2498; x_wconf 89' lang='lat' dir='ltr'><strong>oratorum</strong></span> <span class='ocrx_word' id='word_1_23' title='bbox 545 2431 714 2498; x_wconf 90' lang='lat' dir='ltr'><strong>atticorum</strong></span> <span class='ocrx_word' id='word_1_24' title='bbox 743 2431 881 2498; x_wconf 88' lang='lat' dir='ltr'><strong>insertae</strong></span> <span class='ocrx_word' id='word_1_25' title='bbox 903 2430 1120 2518; x_wconf 85' lang='lat' dir='ltr'><strong>reperiuntur,</strong></span> <span class='ocrx_word' id='word_1_26' title='bbox 1151 2439 1260 2498; x_wconf 89' lang='lat' dir='ltr'><strong>utrum</strong></span> <span class='ocrx_word' id='word_1_27' title='bbox 1289 2431 1446 2518; x_wconf 79' lang='lat' dir='ltr'>genuinae</span> <span class='ocrx_word' id='word_1_28' title='bbox 1476 2430 1540 2495; x_wconf 89' lang='lat' dir='ltr'><strong>sint</strong></span> <span class='ocrx_word' id='word_1_29' title='bbox 1569 2453 1683 2509; x_wconf 89' lang='lat' dir='ltr'><strong>necne,</strong></span> <span class='ocrx_word' id='word_1_30' title='bbox 1713 2434 1783 2494; x_wconf 84' lang='lat' dir='ltr'><strong>orta</strong></span> <span class='ocrx_word' id='word_1_31' title='bbox 1805 2435 1854 2494; x_wconf 93' lang='lat' dir='ltr'><strong>est</strong></span> <span class='ocrx_word' id='word_1_32' title='bbox 1876 2429 1914 2494; x_wconf 90' lang='lat' dir='ltr'><strong>ab</strong></span> <span class='ocrx_word' id='word_1_33' title='bbox 1942 2429 2007 2496; x_wconf 91' lang='lat' dir='ltr'><strong>illis</strong></span> <span class='ocrx_word' id='word_1_34' title='bbox 2033 2430 2096 2497; x_wconf 85' lang='lat' dir='ltr'><strong>for·</strong></span> 
     </span>
     <span class='ocr_line' id='line_1_5' title="bbox 232 2552 2095 2642; baseline 0 -22"><span class='ocrx_word' id='word_1_35' title='bbox 232 2556 345 2634; x_wconf 90' lang='lat' dir='ltr'><strong>mulis,</strong></span> <span class='ocrx_word' id='word_1_36' title='bbox 382 2577 462 2642; x_wconf 88' lang='lat' dir='ltr'><strong>quae</strong></span> <span class='ocrx_word' id='word_1_37' title='bbox 491 2560 618 2622; x_wconf 89' lang='lat' dir='ltr'><strong>exstant</strong></span> <span class='ocrx_word' id='word_1_38' title='bbox 641 2555 676 2620; x_wconf 92' lang='lat' dir='ltr'><strong>in</strong></span> <span class='ocrx_word' id='word_1_39' title='bbox 699 2555 927 2622; x_wconf 76' lang='lat' dir='ltr'>Demosthenis</span> <span class='ocrx_word' id='word_1_40' title='bbox 951 2555 1094 2620; x_wconf 87' lang='lat' dir='ltr'><strong>oratione</strong></span> <span class='ocrx_word' id='word_1_41' title='bbox 1117 2555 1156 2620; x_wconf 88' lang='lat' dir='ltr'><strong>de</strong></span> <span class='ocrx_word' id='word_1_42' title='bbox 1180 2577 1305 2621; x_wconf 88' lang='lat' dir='ltr'><strong>corona.</strong></span> <span class='ocrx_word' id='word_1_43' title='bbox 1361 2555 1478 2620; x_wconf 82' lang='lat' dir='ltr'><strong>Insunt</strong></span> <span class='ocrx_word' id='word_1_44' title='bbox 1501 2553 1587 2619; x_wconf 88' lang='lat' dir='ltr'><strong>enim</strong></span> <span class='ocrx_word' id='word_1_45' title='bbox 1612 2552 1647 2617; x_wconf 94' lang='lat' dir='ltr'><strong>in</strong></span> <span class='ocrx_word' id='word_1_46' title='bbox 1673 2552 1723 2619; x_wconf 88' lang='lat' dir='ltr'><strong>his</strong></span> <span class='ocrx_word' id='word_1_47' title='bbox 1750 2553 1882 2618; x_wconf 92' lang='lat' dir='ltr'><strong>nomina</strong></span> <span class='ocrx_word' id='word_1_48' title='bbox 1907 2553 2095 2620; x_wconf 76' lang='lat' dir='ltr'><strong>archontum</strong></span> 
     </span>
     <span class='ocr_line' id='line_1_6' title="bbox 233 2675 2096 2765; baseline -0.001 -21"><span class='ocrx_word' id='word_1_49' title='bbox 233 2701 482 2765; x_wconf 85' lang='lat' dir='ltr'><strong>eponymonrm,</strong></span> <span class='ocrx_word' id='word_1_50' title='bbox 519 2701 600 2764; x_wconf 89' lang='lat' dir='ltr'><strong>quae</strong></span> <span class='ocrx_word' id='word_1_51' title='bbox 626 2702 691 2744; x_wconf 89' lang='lat' dir='ltr'><strong>non</strong></span> <span class='ocrx_word' id='word_1_52' title='bbox 720 2702 793 2745; x_wconf 90' lang='lat' dir='ltr'><strong>cum</strong></span> <span class='ocrx_word' id='word_1_53' title='bbox 819 2677 885 2743; x_wconf 88' lang='lat' dir='ltr'><strong>illis</strong></span> <span class='ocrx_word' id='word_1_54' title='bbox 916 2700 1147 2765; x_wconf 89' lang='lat' dir='ltr'><strong>eponymorum</strong></span> <span class='ocrx_word' id='word_1_55' title='bbox 1173 2678 1356 2744; x_wconf 84' lang='lat' dir='ltr'><strong>nominibus</strong></span> <span class='ocrx_word' id='word_1_56' title='bbox 1379 2683 1576 2764; x_wconf 83' lang='lat' dir='ltr'><strong>congruunt,</strong></span> <span class='ocrx_word' id='word_1_57' title='bbox 1612 2699 1692 2764; x_wconf 90' lang='lat' dir='ltr'><strong>quae</strong></span> <span class='ocrx_word' id='word_1_58' title='bbox 1720 2675 1775 2741; x_wconf 91' lang='lat' dir='ltr'><strong>alii</strong></span> <span class='ocrx_word' id='word_1_59' title='bbox 1803 2676 1971 2763; x_wconf 76' lang='lat' dir='ltr'><strong>scriptores</strong></span> <span class='ocrx_word' id='word_1_60' title='bbox 1994 2683 2027 2742; x_wconf 94' lang='lat' dir='ltr'><strong>et</strong></span> <span class='ocrx_word' id='word_1_61' title='bbox 2048 2677 2096 2742; x_wconf 93' lang='lat' dir='ltr'><strong>in·</strong></span> 
     </span>
     <span class='ocr_line' id='line_1_7' title="bbox 233 2799 2097 2889; baseline -0.001 -21"><span class='ocrx_word' id='word_1_62' title='bbox 233 2800 420 2889; x_wconf 80' lang='lat' dir='ltr'><strong>scriptiones</strong></span> <span class='ocrx_word' id='word_1_63' title='bbox 443 2801 534 2866; x_wconf 91' lang='lat' dir='ltr'><strong>nobis</strong></span> <span class='ocrx_word' id='word_1_64' title='bbox 558 2800 766 2867; x_wconf 84' lang='lat' dir='ltr'><strong>tradiderunt.</strong></span> <span class='ocrx_word' id='word_1_65' title='bbox 819 2801 925 2886; x_wconf 79' lang='lat' dir='ltr'><strong>Quam</strong></span> <span class='ocrx_word' id='word_1_66' title='bbox 953 2799 1175 2866; x_wconf 86' lang='lat' dir='ltr'><strong>difficultatem</strong></span> <span class='ocrx_word' id='word_1_67' title='bbox 1202 2824 1275 2866; x_wconf 88' lang='lat' dir='ltr'><strong>cum</strong></span> <span class='ocrx_word' id='word_1_68' title='bbox 1303 2800 1384 2866; x_wconf 90' lang='lat' dir='ltr'><strong>alius</strong></span> <span class='ocrx_word' id='word_1_69' title='bbox 1413 2799 1463 2864; x_wconf 81' lang='lat' dir='ltr'><strong>vir</strong></span> <span class='ocrx_word' id='word_1_70' title='bbox 1490 2799 1601 2865; x_wconf 79' lang='lat' dir='ltr'><strong>dachus</strong></span> <span class='ocrx_word' id='word_1_71' title='bbox 1628 2799 1692 2865; x_wconf 90' lang='lat' dir='ltr'><strong>alio</strong></span> <span class='ocrx_word' id='word_1_72' title='bbox 1724 2800 1819 2865; x_wconf 91' lang='lat' dir='ltr'><strong>modo</strong></span> <span class='ocrx_word' id='word_1_73' title='bbox 1847 2800 1959 2866; x_wconf 88' lang='lat' dir='ltr'><strong>tollere</strong></span> <span class='ocrx_word' id='word_1_74' title='bbox 1987 2801 2097 2868; x_wconf 81' lang='lat' dir='ltr'><strong>studu-</strong></span> 
     </span>
     <span class='ocr_line' id='line_1_8' title="bbox 232 2922 2097 3012; baseline 0.001 -22"><span class='ocrx_word' id='word_1_75' title='bbox 232 2926 310 2992; x_wconf 89' lang='lat' dir='ltr'><strong>isset</strong></span> <span class='ocrx_word' id='word_1_76' title='bbox 323 2925 347 3008; x_wconf 82' lang='lat'><strong>¹)</strong></span> <span class='ocrx_word' id='word_1_77' title='bbox 378 2923 686 3010; x_wconf 78' lang='lat' dir='ltr'><strong>Brttclrnemsquo&#39;)</strong></span> <span class='ocrx_word' id='word_1_78' title='bbox 711 2924 779 3012; x_wconf 88' lang='lat' dir='ltr'><strong>jam</strong></span> <span class='ocrx_word' id='word_1_79' title='bbox 806 2925 978 2989; x_wconf 90' lang='lat' dir='ltr'><strong>nonnullas</strong></span> <span class='ocrx_word' id='word_1_80' title='bbox 1001 2947 1111 2989; x_wconf 87' lang='lat' dir='ltr'><strong>sarum</strong></span> <span class='ocrx_word' id='word_1_81' title='bbox 1133 2923 1342 2989; x_wconf 87' lang='lat' dir='ltr'><strong>formularum</strong></span> <span class='ocrx_word' id='word_1_82' title='bbox 1364 2923 1450 2988; x_wconf 89' lang='lat' dir='ltr'><strong>haud</strong></span> <span class='ocrx_word' id='word_1_83' title='bbox 1473 2922 1628 3009; x_wconf 81' lang='lat' dir='ltr'><strong>genuinas</strong></span> <span class='ocrx_word' id='word_1_84' title='bbox 1647 2923 1868 3010; x_wconf 80' lang='lat' dir='ltr'><strong>judicavisset,</strong></span> <span class='ocrx_word' id='word_1_85' title='bbox 1895 2923 2097 3010; x_wconf 89' lang='lat' dir='ltr'><strong>Droysenius</strong></span> 
     </span>
     <span class='ocr_line' id='line_1_9' title="bbox 234 3007 2096 3132; baseline -0.002 -16"><span class='ocrx_word' id='word_1_86' title='bbox 234 3007 501 3116; x_wconf 82' lang='lat' dir='ltr'><strong>commentatione</strong></span> <span class='ocrx_word' id='word_1_87' title='bbox 523 3047 740 3132; x_wconf 87' lang='lat' dir='ltr'><strong>sagacissima,</strong></span> <span class='ocrx_word' id='word_1_88' title='bbox 775 3048 840 3114; x_wconf 93' lang='lat' dir='ltr'><strong>Die</strong></span> <span class='ocrx_word' id='word_1_89' title='bbox 863 3048 1042 3114; x_wconf 82' lang='lat' dir='ltr'><strong>Urlrunden</strong></span> <span class='ocrx_word' id='word_1_90' title='bbox 1069 3046 1104 3111; x_wconf 93' lang='lat' dir='ltr'><strong>in</strong></span> <span class='ocrx_word' id='word_1_91' title='bbox 1126 3047 1360 3112; x_wconf 90' lang='lat' dir='ltr'><strong>Demosthenes</strong></span> <span class='ocrx_word' id='word_1_92' title='bbox 1383 3046 1473 3111; x_wconf 86' lang='lat' dir='ltr'><strong>Rede</strong></span> <span class='ocrx_word' id='word_1_93' title='bbox 1501 3069 1575 3110; x_wconf 89' lang='lat' dir='ltr'><strong>vom</strong></span> <span class='ocrx_word' id='word_1_94' title='bbox 1598 3047 1724 3126; x_wconf 74' lang='lat' dir='ltr'><strong>Krane,</strong></span> <span class='ocrx_word' id='word_1_95' title='bbox 1761 3045 1948 3112; x_wconf 84' lang='lat' dir='ltr'><strong>Zeitsehrift</strong></span> <span class='ocrx_word' id='word_1_96' title='bbox 1969 3047 2022 3112; x_wconf 85' lang='lat' dir='ltr'><strong>fur</strong></span> <span class='ocrx_word' id='word_1_97' title='bbox 2045 3047 2096 3114; x_wconf 89' lang='lat' dir='ltr'><strong>die</strong></span> 
     </span>
     <span class='ocr_line' id='line_1_10' title="bbox 233 3168 2097 3256; baseline -0.001 -18"><span class='ocrx_word' id='word_1_98' title='bbox 233 3169 658 3238; x_wconf 83' lang='lat' dir='ltr'><strong>Alterthumsnrissensohaft</strong></span> <span class='ocrx_word' id='word_1_99' title='bbox 687 3172 717 3235; x_wconf 88' lang='lat'><strong>6.</strong></span> <span class='ocrx_word' id='word_1_100' title='bbox 742 3170 856 3256; x_wconf 85' lang='lat' dir='ltr'><strong>Jahrg.</strong></span> <span class='ocrx_word' id='word_1_101' title='bbox 891 3172 986 3236; x_wconf 83' lang='lat'><strong>1839.</strong></span> <span class='ocrx_word' id='word_1_102' title='bbox 1015 3170 1078 3235; x_wconf 87' lang='lat' dir='ltr'><strong>No.</strong></span> <span class='ocrx_word' id='word_1_103' title='bbox 1105 3171 1146 3235; x_wconf 92' lang='grc'><strong>68</strong></span> <span class='ocrx_word' id='word_1_104' title='bbox 1180 3191 1247 3255; x_wconf 90' lang='lat' dir='ltr'><strong>sqq.</strong></span> <span class='ocrx_word' id='word_1_105' title='bbox 1282 3168 1389 3234; x_wconf 87' lang='lat' dir='ltr'><strong>omnia</strong></span> <span class='ocrx_word' id='word_1_106' title='bbox 1420 3168 1455 3233; x_wconf 93' lang='lat' dir='ltr'><strong>in</strong></span> <span class='ocrx_word' id='word_1_107' title='bbox 1484 3169 1712 3235; x_wconf 75' lang='lat' dir='ltr'><strong>Demosthenis</strong></span> <span class='ocrx_word' id='word_1_108' title='bbox 1740 3169 1882 3235; x_wconf 91' lang='lat' dir='ltr'><strong>oratione</strong></span> <span class='ocrx_word' id='word_1_109' title='bbox 1911 3170 1951 3235; x_wconf 98' lang='grc'><strong>(19</strong></span> <span class='ocrx_word' id='word_1_110' title='bbox 1980 3194 2097 3238; x_wconf 89' lang='lat' dir='ltr'><strong>corona</strong></span> 
     </span>
     <span class='ocr_line' id='line_1_11' title="bbox 233 3291 2098 3380; baseline 0 -20"><span class='ocrx_word' id='word_1_111' title='bbox 233 3294 301 3360; x_wconf 88' lang='lat' dir='ltr'><strong>litis</strong></span> <span class='ocrx_word' id='word_1_112' title='bbox 322 3295 536 3360; x_wconf 87' lang='lat' dir='ltr'><strong>instrumenta</strong></span> <span class='ocrx_word' id='word_1_113' title='bbox 558 3317 578 3358; x_wconf 90' lang='lat' dir='ltr'><strong>a</strong></span> <span class='ocrx_word' id='word_1_114' title='bbox 599 3292 727 3358; x_wconf 86' lang='lat' dir='ltr'><strong>falsario</strong></span> <span class='ocrx_word' id='word_1_115' title='bbox 748 3293 912 3380; x_wconf 89' lang='lat' dir='ltr'><strong>supposita</strong></span> <span class='ocrx_word' id='word_1_116' title='bbox 934 3316 1002 3358; x_wconf 90' lang='lat' dir='ltr'><strong>esse</strong></span> <span class='ocrx_word' id='word_1_117' title='bbox 1018 3293 1256 3358; x_wconf 86' lang='lat' dir='ltr'><strong>demonstravit.</strong></span> <span class='ocrx_word' id='word_1_118' title='bbox 1304 3291 1462 3358; x_wconf 88' lang='lat' dir='ltr'><strong>Omnibus</strong></span> <span class='ocrx_word' id='word_1_119' title='bbox 1484 3292 1550 3358; x_wconf 87' lang='lat' dir='ltr'><strong>fere</strong></span> <span class='ocrx_word' id='word_1_120' title='bbox 1573 3292 1650 3360; x_wconf 86' lang='lat' dir='ltr'><strong>viris</strong></span> <span class='ocrx_word' id='word_1_121' title='bbox 1669 3294 1770 3360; x_wconf 89' lang='lat' dir='ltr'><strong>doctis</strong></span> <span class='ocrx_word' id='word_1_122' title='bbox 1794 3294 1985 3360; x_wconf 90' lang='lat' dir='ltr'><strong>sententiam</strong></span> <span class='ocrx_word' id='word_1_123' title='bbox 2006 3317 2098 3360; x_wconf 88' lang='lat' dir='ltr'><strong>suam</strong></span> 
     </span>
     <span class='ocr_line' id='line_1_12' title="bbox 233 3411 2098 3506; baseline 0.001 -24"><span class='ocrx_word' id='word_1_124' title='bbox 233 3417 380 3506; x_wconf 83' lang='lat' dir='ltr'><strong>probavit</strong></span> <span class='ocrx_word' id='word_1_125' title='bbox 408 3441 512 3504; x_wconf 87' lang='lat' dir='ltr'><strong>neque</strong></span> <span class='ocrx_word' id='word_1_126' title='bbox 541 3415 728 3496; x_wconf 86' lang='lat' dir='ltr'><strong>Vosmelio,</strong></span> <span class='ocrx_word' id='word_1_127' title='bbox 764 3439 956 3503; x_wconf 87' lang='lat' dir='ltr'><strong>quamquam</strong></span> <span class='ocrx_word' id='word_1_128' title='bbox 990 3420 1139 3502; x_wconf 88' lang='lat' dir='ltr'><strong>quattuor</strong></span> <span class='ocrx_word' id='word_1_129' title='bbox 1169 3411 1339 3500; x_wconf 84' lang='lat' dir='ltr'><strong>Gymnasii</strong></span> <span class='ocrx_word' id='word_1_130' title='bbox 1369 3413 1645 3482; x_wconf 82' lang='lat' dir='ltr'><strong>Francofurtensis</strong></span> <span class='ocrx_word' id='word_1_131' title='bbox 1675 3416 1918 3504; x_wconf 75' lang='lat' dir='ltr'><strong>programmatis</strong></span> <span class='ocrx_word' id='word_1_132' title='bbox 1951 3416 2027 3482; x_wconf 92' lang='lat' dir='ltr'><strong>inde</strong></span> <span class='ocrx_word' id='word_1_133' title='bbox 2057 3417 2098 3484; x_wconf 89' lang='lat' dir='ltr'><strong>ab</strong></span> 
     </span>
     <span class='ocr_line' id='line_1_13' title="bbox 236 3537 2097 3627; baseline 0.002 -23"><span class='ocrx_word' id='word_1_134' title='bbox 236 3563 319 3604; x_wconf 87' lang='lat' dir='ltr'><strong>anno</strong></span> <span class='ocrx_word' id='word_1_135' title='bbox 351 3541 434 3604; x_wconf 85' lang='lat'>1841</span> <span class='ocrx_word' id='word_1_136' title='bbox 466 3539 501 3604; x_wconf 89' lang='lat' dir='ltr'><strong>id</strong></span> <span class='ocrx_word' id='word_1_137' title='bbox 529 3539 613 3626; x_wconf 86' lang='lat' dir='ltr'><strong>egit,</strong></span> <span class='ocrx_word' id='word_1_138' title='bbox 648 3541 731 3606; x_wconf 87' lang='lat' dir='ltr'><strong>hene</strong></span> <span class='ocrx_word' id='word_1_139' title='bbox 759 3539 949 3606; x_wconf 89' lang='lat' dir='ltr'><strong>sententiam</strong></span> <span class='ocrx_word' id='word_1_140' title='bbox 976 3537 1165 3604; x_wconf 80' lang='lat' dir='ltr'><strong>labefactare</strong></span> <span class='ocrx_word' id='word_1_141' title='bbox 1196 3538 1329 3624; x_wconf 81' lang='lat' dir='ltr'><strong>contigit</strong></span> <span class='ocrx_word' id='word_1_142' title='bbox 1342 3539 1376 3622; x_wconf 80' lang='lat'><strong>³).</strong></span> <span class='ocrx_word' id='word_1_143' title='bbox 1413 3579 1455 3586; x_wconf 92' lang='lat'>—</span> <span class='ocrx_word' id='word_1_144' title='bbox 1491 3540 1562 3605; x_wconf 89' lang='lat' dir='ltr'><strong>Iam</strong></span> <span class='ocrx_word' id='word_1_145' title='bbox 1586 3563 1661 3605; x_wconf 83' lang='lat' dir='ltr'><strong>vero</strong></span> <span class='ocrx_word' id='word_1_146' title='bbox 1692 3541 1826 3606; x_wconf 88' lang='lat' dir='ltr'><strong>eandem</strong></span> <span class='ocrx_word' id='word_1_147' title='bbox 1849 3540 1935 3606; x_wconf 81' lang='lat' dir='ltr'><strong>niam</strong></span> <span class='ocrx_word' id='word_1_148' title='bbox 1961 3540 2097 3627; x_wconf 83' lang='lat' dir='ltr'><strong>ingressi</strong></span> 
     </span>
     <span class='ocr_line' id='line_1_14' title="bbox 235 3661 2098 3749; baseline 0.001 -21"><span class='ocrx_word' id='word_1_149' title='bbox 235 3661 332 3728; x_wconf 87' lang='lat' dir='ltr'><strong>etiam</strong></span> <span class='ocrx_word' id='word_1_150' title='bbox 354 3661 389 3726; x_wconf 86' lang='lat' dir='ltr'><strong>in</strong></span> <span class='ocrx_word' id='word_1_151' title='bbox 412 3684 594 3728; x_wconf 88' lang='lat' dir='ltr'><strong>caussarum</strong></span> <span class='ocrx_word' id='word_1_152' title='bbox 616 3663 829 3730; x_wconf 88' lang='lat' dir='ltr'><strong>instrumenta</strong></span> <span class='ocrx_word' id='word_1_153' title='bbox 851 3663 922 3728; x_wconf 87' lang='lat' dir='ltr'><strong>aliis</strong></span> <span class='ocrx_word' id='word_1_154' title='bbox 946 3662 1140 3728; x_wconf 82' lang='lat' dir='ltr'><strong>orationibus</strong></span> <span class='ocrx_word' id='word_1_155' title='bbox 1163 3662 1283 3727; x_wconf 88' lang='lat' dir='ltr'><strong>inserta</strong></span> <span class='ocrx_word' id='word_1_156' title='bbox 1304 3662 1365 3726; x_wconf 82' lang='lat' dir='ltr'><strong>riri</strong></span> <span class='ocrx_word' id='word_1_157' title='bbox 1388 3661 1474 3728; x_wconf 92' lang='lat' dir='ltr'><strong>docti</strong></span> <span class='ocrx_word' id='word_1_158' title='bbox 1496 3662 1738 3749; x_wconf 85' lang='lat' dir='ltr'><strong>inquisiverunt.</strong></span> <span class='ocrx_word' id='word_1_159' title='bbox 1778 3664 1832 3730; x_wconf 85' lang='lat' dir='ltr'><strong>Fr.</strong></span> <span class='ocrx_word' id='word_1_160' title='bbox 1850 3661 2011 3729; x_wconf 83' lang='lat' dir='ltr'><strong>Frankius</strong></span> <span class='ocrx_word' id='word_1_161' title='bbox 2034 3664 2098 3730; x_wconf 84' lang='lat' dir='ltr'><strong>dis·</strong></span> 
     </span>
     <span class='ocr_line' id='line_1_15' title="bbox 233 3784 2099 3873; baseline 0.001 -22"><span class='ocrx_word' id='word_1_162' title='bbox 233 3784 399 3873; x_wconf 87' lang='lat' dir='ltr'><strong>putatione</strong></span> <span class='ocrx_word' id='word_1_163' title='bbox 423 3784 462 3850; x_wconf 89' lang='lat' dir='ltr'><strong>de</strong></span> <span class='ocrx_word' id='word_1_164' title='bbox 485 3785 593 3871; x_wconf 86' lang='lat' dir='ltr'><strong>legum</strong></span> <span class='ocrx_word' id='word_1_165' title='bbox 619 3785 780 3866; x_wconf 86' lang='lat' dir='ltr'><strong>formulis,</strong></span> <span class='ocrx_word' id='word_1_166' title='bbox 817 3809 898 3872; x_wconf 89' lang='lat' dir='ltr'><strong>quae</strong></span> <span class='ocrx_word' id='word_1_167' title='bbox 921 3787 955 3851; x_wconf 93' lang='lat' dir='ltr'><strong>in</strong></span> <span class='ocrx_word' id='word_1_168' title='bbox 977 3785 1206 3852; x_wconf 88' lang='lat' dir='ltr'><strong>Demosthenis</strong></span> <span class='ocrx_word' id='word_1_169' title='bbox 1229 3784 1447 3851; x_wconf 80' lang='lat' dir='ltr'><strong>Aristocraten</strong></span> <span class='ocrx_word' id='word_1_170' title='bbox 1473 3787 1674 3873; x_wconf 87' lang='lat' dir='ltr'><strong>reperiuntur</strong></span> <span class='ocrx_word' id='word_1_171' title='bbox 1703 3787 1858 3868; x_wconf 80' lang='lat' dir='ltr'><strong>(blisense</strong></span> <span class='ocrx_word' id='word_1_172' title='bbox 1884 3788 1992 3870; x_wconf 84' lang='lat'>1848),</span> <span class='ocrx_word' id='word_1_173' title='bbox 2023 3787 2099 3854; x_wconf 86' lang='lat' dir='ltr'><strong>illas</strong></span> 
     </span>
     <span class='ocr_line' id='line_1_16' title="bbox 234 3908 2099 3996; baseline 0.001 -22"><span class='ocrx_word' id='word_1_174' title='bbox 234 3908 374 3974; x_wconf 83' lang='lat' dir='ltr'><strong>maxima</strong></span> <span class='ocrx_word' id='word_1_175' title='bbox 400 3931 440 3972; x_wconf 86' lang='lat' dir='ltr'><strong>ex</strong></span> <span class='ocrx_word' id='word_1_176' title='bbox 466 3915 556 3996; x_wconf 84' lang='lat' dir='ltr'><strong>parte</strong></span> <span class='ocrx_word' id='word_1_177' title='bbox 583 3931 623 3973; x_wconf 87' lang='lat' dir='ltr'><strong>ex</strong></span> <span class='ocrx_word' id='word_1_178' title='bbox 648 3908 749 3996; x_wconf 88' lang='lat' dir='ltr'><strong>ipsius</strong></span> <span class='ocrx_word' id='word_1_179' title='bbox 772 3909 905 3975; x_wconf 87' lang='lat' dir='ltr'><strong>oratoris</strong></span> <span class='ocrx_word' id='word_1_180' title='bbox 931 3909 1036 3975; x_wconf 88' lang='lat' dir='ltr'><strong>verbis</strong></span> <span class='ocrx_word' id='word_1_181' title='bbox 1059 3909 1231 3996; x_wconf 74' lang='lat' dir='ltr'><strong>emeriptas</strong></span> <span class='ocrx_word' id='word_1_182' title='bbox 1258 3931 1326 3974; x_wconf 89' lang='lat' dir='ltr'><strong>esse</strong></span> <span class='ocrx_word' id='word_1_183' title='bbox 1354 3908 1470 3974; x_wconf 88' lang='lat' dir='ltr'><strong>docuit.</strong></span> <span class='ocrx_word' id='word_1_184' title='bbox 1527 3908 1667 3975; x_wconf 87' lang='lat' dir='ltr'><strong>Maxime</strong></span> <span class='ocrx_word' id='word_1_185' title='bbox 1695 3915 1802 3976; x_wconf 91' lang='lat' dir='ltr'><strong>autem</strong></span> <span class='ocrx_word' id='word_1_186' title='bbox 1831 3911 2099 3976; x_wconf 87' lang='lat' dir='ltr'><strong>Westsrmannns</strong></span> 
     </span>
     <span class='ocr_line' id='line_1_17' title="bbox 233 4029 2096 4120; baseline 0.001 -23"><span class='ocrx_word' id='word_1_187' title='bbox 233 4033 294 4098; x_wconf 86' lang='lat' dir='ltr'><strong>hac</strong></span> <span class='ocrx_word' id='word_1_188' title='bbox 315 4032 351 4097; x_wconf 91' lang='lat' dir='ltr'><strong>in</strong></span> <span class='ocrx_word' id='word_1_189' title='bbox 372 4029 557 4117; x_wconf 87' lang='lat' dir='ltr'><strong>quaestione</strong></span> <span class='ocrx_word' id='word_1_190' title='bbox 572 4036 714 4097; x_wconf 89' lang='lat' dir='ltr'><strong>versatus</strong></span> <span class='ocrx_word' id='word_1_191' title='bbox 730 4038 786 4111; x_wconf 87' lang='lat' dir='ltr'><strong>est,</strong></span> <span class='ocrx_word' id='word_1_192' title='bbox 812 4032 867 4119; x_wconf 94' lang='lat' dir='ltr'><strong>qui</strong></span> <span class='ocrx_word' id='word_1_193' title='bbox 889 4033 990 4099; x_wconf 84' lang='lat' dir='ltr'><strong>tribus</strong></span> <span class='ocrx_word' id='word_1_194' title='bbox 1012 4033 1181 4120; x_wconf 85' lang='lat' dir='ltr'><strong>praecipue</strong></span> <span class='ocrx_word' id='word_1_195' title='bbox 1197 4033 1517 4098; x_wconf 85' lang='lat' dir='ltr'><strong>commentationibus</strong></span> <span class='ocrx_word' id='word_1_196' title='bbox 1539 4035 1599 4098; x_wconf 88' lang='lat' dir='ltr'><strong>hae</strong></span> <span class='ocrx_word' id='word_1_197' title='bbox 1620 4033 1659 4099; x_wconf 88' lang='lat' dir='ltr'><strong>de</strong></span> <span class='ocrx_word' id='word_1_198' title='bbox 1682 4057 1716 4098; x_wconf 89' lang='lat' dir='ltr'><strong>re</strong></span> <span class='ocrx_word' id='word_1_199' title='bbox 1737 4033 1811 4119; x_wconf 82' lang='lat' dir='ltr'><strong>egit.</strong></span> <span class='ocrx_word' id='word_1_200' title='bbox 1858 4033 2096 4100; x_wconf 86' lang='lat' dir='ltr'><strong>Inscrihuntur:</strong></span> 
     </span>
     <span class='ocr_line' id='line_1_18' title="bbox 235 4153 2099 4244; baseline 0.003 -26"><span class='ocrx_word' id='word_1_201' title='bbox 235 4155 275 4219; x_wconf 87' lang='grc'><strong>(19</strong></span> <span class='ocrx_word' id='word_1_202' title='bbox 298 4155 364 4221; x_wconf 87' lang='lat' dir='ltr'><strong>litis</strong></span> <span class='ocrx_word' id='word_1_203' title='bbox 390 4153 630 4234; x_wconf 86' lang='lat' dir='ltr'><strong>instrumentis,</strong></span> <span class='ocrx_word' id='word_1_204' title='bbox 667 4177 748 4240; x_wconf 92' lang='lat' dir='ltr'><strong>quae</strong></span> <span class='ocrx_word' id='word_1_205' title='bbox 776 4161 902 4221; x_wconf 72' lang='lat' dir='ltr'><strong>exstem</strong></span> <span class='ocrx_word' id='word_1_206' title='bbox 932 4156 966 4221; x_wconf 93' lang='lat' dir='ltr'><strong>in</strong></span> <span class='ocrx_word' id='word_1_207' title='bbox 993 4153 1221 4221; x_wconf 87' lang='lat' dir='ltr'><strong>Demosthenis</strong></span> <span class='ocrx_word' id='word_1_208' title='bbox 1251 4155 1393 4222; x_wconf 88' lang='lat' dir='ltr'><strong>oratione</strong></span> <span class='ocrx_word' id='word_1_209' title='bbox 1420 4155 1455 4220; x_wconf 92' lang='lat' dir='ltr'><strong>in</strong></span> <span class='ocrx_word' id='word_1_210' title='bbox 1477 4155 1612 4222; x_wconf 87' lang='lat' dir='ltr'><strong>Midiam</strong></span> <span class='ocrx_word' id='word_1_211' title='bbox 1636 4155 1767 4243; x_wconf 86' lang='lat' dir='ltr'><strong>Lipsiae</strong></span> <span class='ocrx_word' id='word_1_212' title='bbox 1793 4157 1898 4237; x_wconf 86' lang='grc'>1844,</span> <span class='ocrx_word' id='word_1_213' title='bbox 1934 4157 1973 4222; x_wconf 88' lang='grc'><strong>(19</strong></span> <span class='ocrx_word' id='word_1_214' title='bbox 2002 4156 2099 4244; x_wconf 87' lang='lat' dir='ltr'><strong>juris·</strong></span> 
     </span>
     <span class='ocr_line' id='line_1_19' title="bbox 232 4275 2099 4366; baseline 0.001 -24"><span class='ocrx_word' id='word_1_215' title='bbox 232 4276 362 4366; x_wconf 87' lang='lat' dir='ltr'><strong>jurandi</strong></span> <span class='ocrx_word' id='word_1_216' title='bbox 381 4277 527 4365; x_wconf 89' lang='lat' dir='ltr'><strong>judicum</strong></span> <span class='ocrx_word' id='word_1_217' title='bbox 549 4276 800 4343; x_wconf 86' lang='lat' dir='ltr'><strong>Atheniensium</strong></span> <span class='ocrx_word' id='word_1_218' title='bbox 822 4275 969 4358; x_wconf 80' lang='lat' dir='ltr'><strong>formula,</strong></span> <span class='ocrx_word' id='word_1_219' title='bbox 994 4301 1074 4364; x_wconf 88' lang='lat' dir='ltr'><strong>quas</strong></span> <span class='ocrx_word' id='word_1_220' title='bbox 1094 4283 1197 4344; x_wconf 85' lang='lat' dir='ltr'><strong>exstat</strong></span> <span class='ocrx_word' id='word_1_221' title='bbox 1218 4279 1253 4343; x_wconf 95' lang='lat' dir='ltr'><strong>in</strong></span> <span class='ocrx_word' id='word_1_222' title='bbox 1272 4279 1500 4344; x_wconf 87' lang='lat' dir='ltr'><strong>Demosthenis</strong></span> <span class='ocrx_word' id='word_1_223' title='bbox 1515 4279 1658 4346; x_wconf 89' lang='lat' dir='ltr'><strong>oratione</strong></span> <span class='ocrx_word' id='word_1_224' title='bbox 1680 4279 1715 4344; x_wconf 92' lang='lat' dir='ltr'><strong>in</strong></span> <span class='ocrx_word' id='word_1_225' title='bbox 1737 4279 1951 4347; x_wconf 76' lang='lat' dir='ltr'><strong>Timocratem</strong></span> <span class='ocrx_word' id='word_1_226' title='bbox 1967 4278 2099 4366; x_wconf 86' lang='lat' dir='ltr'><strong>Lipsiae</strong></span> 
     </span>
    </p>
   </div>
   <div class='ocr_carea' id='block_1_3' title="bbox 236 4526 2098 4803">
    <p class='ocr_par' dir='ltr' id='par_1_3' title="bbox 236 4526 2098 4803">
     <span class='ocr_line' id='line_1_20' title="bbox 397 4526 2095 4630; baseline 0.001 -18"><span class='ocrx_word' id='word_1_227' title='bbox 397 4557 417 4626; x_wconf 87' lang='lat'><strong>¹)</strong></span> <span class='ocrx_word' id='word_1_228' title='bbox 455 4559 620 4628; x_wconf 76' lang='lat' dir='ltr'><strong>Schttmann,</strong></span> <span class='ocrx_word' id='word_1_229' title='bbox 651 4559 683 4612; x_wconf 89' lang='lat' dir='ltr'><strong>de</strong></span> <span class='ocrx_word' id='word_1_230' title='bbox 709 4559 818 4612; x_wconf 87' lang='lat' dir='ltr'><strong>comitiis</strong></span> <span class='ocrx_word' id='word_1_231' title='bbox 836 4559 1033 4613; x_wconf 84' lang='lat' dir='ltr'><strong>Atheniensium</strong></span> <span class='ocrx_word' id='word_1_232' title='bbox 1055 4579 1115 4628; x_wconf 78' lang='lat' dir='ltr'><strong>pag.</strong></span> <span class='ocrx_word' id='word_1_233' title='bbox 1139 4565 1189 4614; x_wconf 84' lang='grc'>189</span> <span class='ocrx_word' id='word_1_234' title='bbox 1212 4579 1269 4629; x_wconf 86' lang='lat' dir='ltr'><strong>sqq.</strong></span> <span class='ocrx_word' id='word_1_235' title='bbox 1313 4562 1440 4629; x_wconf 81' lang='lat' dir='ltr'><strong>Spengel,</strong></span> <span class='ocrx_word' id='word_1_236' title='bbox 1471 4561 1619 4614; x_wconf 85' lang='lat' dir='ltr'><strong>Rheiniaeh.</strong></span> <span class='ocrx_word' id='word_1_237' title='bbox 1642 4562 1761 4616; x_wconf 83' lang='lat' dir='ltr'><strong>bluseum</strong></span> <span class='ocrx_word' id='word_1_238' title='bbox 1786 4565 1811 4616; x_wconf 79' lang='lat'><strong>2.</strong></span> <span class='ocrx_word' id='word_1_239' title='bbox 1832 4561 1923 4630; x_wconf 79' lang='lat' dir='ltr'><strong>Jahrg.</strong></span> <span class='ocrx_word' id='word_1_240' title='bbox 1946 4526 2018 4614; x_wconf 17' lang='lat'>1828*</span> <span class='ocrx_word' id='word_1_241' title='bbox 2033 4579 2095 4630; x_wconf 74' lang='lat' dir='ltr'><strong>pag.</strong></span> 
     </span>
     <span class='ocr_line' id='line_1_21' title="bbox 236 4647 2098 4718; baseline 0.001 -18"><span class='ocrx_word' id='word_1_242' title='bbox 236 4647 286 4700; x_wconf 81' lang='grc'><strong>367</strong></span> <span class='ocrx_word' id='word_1_243' title='bbox 307 4663 363 4714; x_wconf 84' lang='lat' dir='ltr'><strong>sqq.</strong></span> <span class='ocrx_word' id='word_1_244' title='bbox 402 4647 524 4715; x_wconf 85' lang='lat' dir='ltr'><strong>Boeckh,</strong></span> <span class='ocrx_word' id='word_1_245' title='bbox 554 4648 587 4700; x_wconf 89' lang='grc'><strong>(19</strong></span> <span class='ocrx_word' id='word_1_246' title='bbox 605 4648 772 4702; x_wconf 83' lang='lat' dir='ltr'><strong>archontibus</strong></span> <span class='ocrx_word' id='word_1_247' title='bbox 790 4649 875 4700; x_wconf 73' lang='grc'>981919</span> <span class='ocrx_word' id='word_1_248' title='bbox 897 4648 1111 4716; x_wconf 84' lang='lat' dir='ltr'><strong>pseudeponymis</strong></span> <span class='ocrx_word' id='word_1_249' title='bbox 1133 4649 1160 4700; x_wconf 87' lang='lat' dir='ltr'><strong>in</strong></span> <span class='ocrx_word' id='word_1_250' title='bbox 1178 4649 1328 4716; x_wconf 77' lang='lat' dir='ltr'><strong>Abhandlg.</strong></span> <span class='ocrx_word' id='word_1_251' title='bbox 1349 4649 1395 4702; x_wconf 87' lang='lat' dir='ltr'><strong>der</strong></span> <span class='ocrx_word' id='word_1_252' title='bbox 1416 4649 1481 4702; x_wconf 88' lang='lat' dir='ltr'><strong>berl.</strong></span> <span class='ocrx_word' id='word_1_253' title='bbox 1501 4649 1589 4703; x_wconf 84' lang='lat' dir='ltr'><strong>Akad.</strong></span> <span class='ocrx_word' id='word_1_254' title='bbox 1609 4650 1669 4703; x_wconf 86' lang='lat' dir='ltr'><strong>hist.</strong></span> <span class='ocrx_word' id='word_1_255' title='bbox 1697 4651 1788 4718; x_wconf 91' lang='lat' dir='ltr'><strong>philol.</strong></span> <span class='ocrx_word' id='word_1_256' title='bbox 1810 4649 1903 4704; x_wconf 85' lang='lat' dir='ltr'><strong>Klasse</strong></span> <span class='ocrx_word' id='word_1_257' title='bbox 1922 4669 1946 4702; x_wconf 87' lang='lat' dir='ltr'><strong>a.</strong></span> <span class='ocrx_word' id='word_1_258' title='bbox 1967 4649 1993 4702; x_wconf 89' lang='grc'>(1.</span> <span class='ocrx_word' id='word_1_259' title='bbox 2014 4649 2098 4702; x_wconf 82' lang='lat' dir='ltr'><strong>Jahre</strong></span> 
     </span>
     <span class='ocr_line' id='line_1_22' title="bbox 237 4736 535 4803; baseline 0.003 -16"><span class='ocrx_word' id='word_1_260' title='bbox 237 4736 307 4787; x_wconf 82' lang='grc'>1828</span> <span class='ocrx_word' id='word_1_261' title='bbox 325 4752 386 4803; x_wconf 78' lang='lat' dir='ltr'><strong>pag.</strong></span> <span class='ocrx_word' id='word_1_262' title='bbox 409 4737 460 4788; x_wconf 76' lang='lat'><strong>129</strong></span> <span class='ocrx_word' id='word_1_263' title='bbox 479 4753 535 4802; x_wconf 90' lang='lat' dir='ltr'><strong>sqq.</strong></span> 
     </span>
    </p>
   </div>
   <div class='ocr_carea' id='block_1_4' title="bbox 396 4838 1545 4912">
    <p class='ocr_par' dir='ltr' id='par_1_4' title="bbox 396 4838 1545 4912">
     <span class='ocr_line' id='line_1_23' title="bbox 396 4838 1545 4912; baseline 0.003 -19"><span class='ocrx_word' id='word_1_264' title='bbox 396 4838 417 4909; x_wconf 79' lang='lat'><strong>²)</strong></span> <span class='ocrx_word' id='word_1_265' title='bbox 455 4840 543 4909; x_wconf 72' lang='lat' dir='ltr'><strong>Konig</strong></span> <span class='ocrx_word' id='word_1_266' title='bbox 560 4841 666 4910; x_wconf 89' lang='lat' dir='ltr'><strong>Philipp</strong></span> <span class='ocrx_word' id='word_1_267' title='bbox 685 4842 739 4894; x_wconf 89' lang='lat' dir='ltr'><strong>und</strong></span> <span class='ocrx_word' id='word_1_268' title='bbox 757 4843 799 4895; x_wconf 89' lang='lat' dir='ltr'><strong>die</strong></span> <span class='ocrx_word' id='word_1_269' title='bbox 817 4842 992 4894; x_wconf 86' lang='lat' dir='ltr'><strong>hellenisehen</strong></span> <span class='ocrx_word' id='word_1_270' title='bbox 1011 4842 1127 4912; x_wconf 84' lang='lat' dir='ltr'><strong>St·aaten,</strong></span> <span class='ocrx_word' id='word_1_271' title='bbox 1148 4843 1263 4910; x_wconf 82' lang='lat' dir='ltr'><strong>Anhang</strong></span> <span class='ocrx_word' id='word_1_272' title='bbox 1281 4842 1315 4910; x_wconf 88' lang='lat' dir='ltr'><strong>V,</strong></span> <span class='ocrx_word' id='word_1_273' title='bbox 1336 4859 1395 4912; x_wconf 84' lang='lat' dir='ltr'><strong>pag.</strong></span> <span class='ocrx_word' id='word_1_274' title='bbox 1418 4847 1469 4896; x_wconf 77' lang='lat'><strong>364</strong></span> <span class='ocrx_word' id='word_1_275' title='bbox 1488 4861 1545 4912; x_wconf 84' lang='lat' dir='ltr'><strong>sqq.</strong></span> 
     </span>
    </p>
   </div>
   <div class='ocr_carea' id='block_1_5' title="bbox 235 4943 2096 5178">
    <p class='ocr_par' dir='ltr' id='par_1_5' title="bbox 235 4943 2096 5178">
     <span class='ocr_line' id='line_1_24' title="bbox 395 4943 2096 5017; baseline 0.002 -18"><span class='ocrx_word' id='word_1_276' title='bbox 395 4943 417 5014; x_wconf 74' lang='lat'><strong>³)</strong></span> <span class='ocrx_word' id='word_1_277' title='bbox 454 4945 506 4999; x_wconf 86' lang='lat' dir='ltr'><strong>Hic</strong></span> <span class='ocrx_word' id='word_1_278' title='bbox 532 4963 635 5014; x_wconf 84' lang='lat' dir='ltr'><strong>quoqne</strong></span> <span class='ocrx_word' id='word_1_279' title='bbox 660 4947 699 5000; x_wconf 88' lang='lat' dir='ltr'><strong>nir</strong></span> <span class='ocrx_word' id='word_1_280' title='bbox 724 4947 815 5001; x_wconf 88' lang='lat' dir='ltr'><strong>doctus</strong></span> <span class='ocrx_word' id='word_1_281' title='bbox 836 4955 927 5016; x_wconf 84' lang='lat' dir='ltr'><strong>postea</strong></span> <span class='ocrx_word' id='word_1_282' title='bbox 949 4950 1031 5017; x_wconf 74' lang='lat' dir='ltr'><strong>magis</strong></span> <span class='ocrx_word' id='word_1_283' title='bbox 1057 4948 1191 5016; x_wconf 73' lang='lat' dir='ltr'><strong>magisque</strong></span> <span class='ocrx_word' id='word_1_284' title='bbox 1215 4947 1249 5000; x_wconf 89' lang='lat' dir='ltr'><strong>ad</strong></span> <span class='ocrx_word' id='word_1_285' title='bbox 1274 4949 1428 5002; x_wconf 85' lang='lat' dir='ltr'><strong>sententiam</strong></span> <span class='ocrx_word' id='word_1_286' title='bbox 1453 4949 1587 5016; x_wconf 85' lang='lat' dir='ltr'><strong>Droysenii</strong></span> <span class='ocrx_word' id='word_1_287' title='bbox 1612 4949 1775 5002; x_wconf 80' lang='lat' dir='ltr'><strong>inclinavisse</strong></span> <span class='ocrx_word' id='word_1_288' title='bbox 1801 4948 1916 5013; x_wconf 87' lang='lat' dir='ltr'><strong>videtur;</strong></span> <span class='ocrx_word' id='word_1_289' title='bbox 1943 4949 1977 5002; x_wconf 82' lang='lat' dir='ltr'><strong>cs.</strong></span> <span class='ocrx_word' id='word_1_290' title='bbox 2007 4965 2096 5017; x_wconf 79' lang='lat' dir='ltr'><strong>progr.</strong></span> 
     </span>
     <span class='ocr_line' id='line_1_25' title="bbox 235 5031 1464 5099; baseline 0.003 -13"><span class='ocrx_word' id='word_1_291' title='bbox 235 5031 360 5099; x_wconf 83' lang='lat' dir='ltr'><strong>Gymnas.</strong></span> <span class='ocrx_word' id='word_1_292' title='bbox 382 5033 504 5088; x_wconf 81' lang='lat' dir='ltr'><strong>Francos.</strong></span> <span class='ocrx_word' id='word_1_293' title='bbox 527 5036 596 5088; x_wconf 80' lang='grc'>1845</span> <span class='ocrx_word' id='word_1_294' title='bbox 615 5043 642 5088; x_wconf 86' lang='lat' dir='ltr'><strong>et</strong></span> <span class='ocrx_word' id='word_1_295' title='bbox 659 5035 807 5089; x_wconf 81' lang='lat' dir='ltr'><strong>Zeitschrilt</strong></span> <span class='ocrx_word' id='word_1_296' title='bbox 825 5035 868 5088; x_wconf 84' lang='lat' dir='ltr'><strong>fttr</strong></span> <span class='ocrx_word' id='word_1_297' title='bbox 885 5035 927 5089; x_wconf 88' lang='lat' dir='ltr'><strong>die</strong></span> <span class='ocrx_word' id='word_1_298' title='bbox 945 5037 1138 5090; x_wconf 82' lang='lat' dir='ltr'><strong>Alterthnmsrr.</strong></span> <span class='ocrx_word' id='word_1_299' title='bbox 1164 5038 1230 5090; x_wconf 81' lang='grc'>1861</span> <span class='ocrx_word' id='word_1_300' title='bbox 1251 5035 1303 5090; x_wconf 83' lang='lat' dir='ltr'><strong>No.</strong></span> <span class='ocrx_word' id='word_1_301' title='bbox 1325 5039 1403 5090; x_wconf 75' lang='grc'>3091</span> <span class='ocrx_word' id='word_1_302' title='bbox 1422 5042 1464 5090; x_wconf 83' lang='lat'><strong>31.</strong></span> 
     </span>
     <span class='ocr_line' id='line_1_26' title="bbox 1886 5131 1900 5178; baseline 0 0"><span class='ocrx_word' id='word_1_303' title='bbox 1886 5131 1900 5178; x_wconf 92' lang='lat'>1</span> 
     </span>
    </p>
   </div>
   <div class='ocr_carea' id='block_1_6' title="bbox 0 0 2330 5644">
    <p class='ocr_par' dir='ltr' id='par_1_6' title="bbox 0 0 2330 5644">
     <span class='ocr_line' id='line_1_27' title="bbox 0 0 2330 5644; baseline 0 0"><span class='ocrx_word' id='word_1_304' title='bbox 0 0 2330 5644; x_wconf 95' lang='lat' dir='ltr'><strong> </strong></span> 
     </span>
    </p>
   </div>
  </div>
 </body>
</html>
