4638 5644
1159 177 1213 254 12

410 433 523 498 Testes
546 431 686 498 edlnsse
709 432 793 519 cpud
817 430 988 496 diaetetern
1012 430 1216 506 confitentur,
1249 451 1322 492 cum
1344 426 1547 514 Nicophemo
1570 428 1721 492 archonte
1744 426 1980 511 Phylomeohe,
2008 428 2118 495 Eubu-

251 557 327 624 lidis
350 555 418 622 filia
440 579 564 635 omnes,
595 556 649 642 qui
673 579 746 622 cum
769 578 807 620 ea
830 555 868 619 de
891 552 1067 619 hereditate
1090 550 1239 638 Hagniae
1262 549 1482 635 litigaverunt,
1511 555 1683 637 superaret.
1729 550 1831 616 Recte
1853 551 2118 618 Westermennus

251 659 286 746 l.¹
299 703 325 746 c.
349 703 421 768 pap.
447 680 491 744 90
514 683 547 744 et
568 703 598 743 u.
624 679 654 743 d.
679 679 719 742 de
741 679 838 756 Boor,
866 677 944 740 iiber
970 675 1025 740 das
1049 675 1183 740 ettische
1205 673 1537 752 Incesta-urbemi,
1567 673 1720 738 cunechst
1747 674 1794 738 els
1820 673 2054 758 Prolegomene
2078 701 2117 744 zu

253 803 311 869 der
332 803 424 868 Rode
447 803 502 868 des
525 801 761 866 Demosthenes
793 823 895 886 gegen
918 800 1112 864 Macartatus
1145 820 1216 884 pag.
1243 797 1305 860 147
1339 797 1400 862 hoc
1428 795 1647 862 testimouium
1675 796 1706 860 ci
1736 819 1931 883 repugnare,
1966 798 2050 882 quod
2082 799 2117 864 in

252 925 323 1012 ipsu
345 924 488 990 cretione
510 929 666 1001 narretur,
697 929 838 988 monent.
885 922 973 987 Nam
996 945 1013 986 c
1036 925 1077 1002 βξ
1098 923 1120 984 4
1143 924 1176 985 et
1199 922 1219 985 6
1243 921 1356 997 elucet,
1386 919 1629 1004 Phylomachen
1652 942 1718 984 non
1741 920 1826 1007 apud
1849 919 2029 998 diaetetam,
2062 922 2117 986 sed

252 1048 340 1135 opud
360 1046 511 1112 heliustus
534 1069 678 1112 caussam
701 1044 884 1110 obtinuisse.
933 1044 1039 1128 Quam
1062 1044 1101 1108 cb
1124 1065 1192 1108 rem
1214 1043 1481 1108 Westermannus
1503 1043 1722 1110 testimonium
1745 1044 1828 1108 illud
1850 1067 1870 1108 c
1894 1042 2022 1109 falsario
2046 1066 2118 1130 sup·

253 1171 395 1258 positum
418 1191 486 1236 esse
510 1175 626 1234 censet.
683 1167 767 1234 Cum
794 1173 901 1234 tamen
927 1190 1021 1232 nemo
1046 1190 1112 1232 non
1135 1167 1305 1245 concedet,
1340 1165 1505 1232 falsarium
1529 1167 1643 1246 illum,
1679 1168 1733 1252 qui
1756 1191 1774 1231 e
1797 1167 1956 1234 sententia
1977 1166 2118 1232 Wester·

253 1293 365 1358 menni
391 1289 610 1358 testimouium
635 1290 831 1378 composuit,
867 1291 1043 1356 orationem
1069 1289 1172 1378 ipsam
1194 1288 1327 1376 legisse,
1363 1295 1449 1356 certo
1473 1289 1692 1356 admirationis
1713 1314 1780 1356 non
1806 1289 1889 1355 nihil
1915 1290 2027 1368 habet,
2062 1312 2119 1354 cur

253 1438 398 1482 caussam
423 1415 660 1501 Phylomaches
685 1414 771 1502 apud
795 1411 966 1480 diaetetam
997 1413 1114 1479 factam
1142 1437 1210 1479 esse
1240 1412 1377 1480 finxerit.
1428 1413 1589 1493 Accedit,
1624 1414 1709 1499 quod
1746 1412 1929 1500 saepissime
1961 1410 2117 1500 ejusmodi

254 1561 399 1618 caumas,
434 1537 620 1625 priusquam
642 1535 786 1603 helicstis
809 1533 1030 1625 dijudicandae
1054 1537 1275 1617 trudebantur,
1311 1538 1352 1602 ad
1376 1537 1546 1602 diastolem
1569 1537 1804 1616 deferebantur,
1840 1537 1930 1624 cujus
1953 1559 1972 1600 e
1995 1532 2116 1622 judicio

253 1667 388 1748 uterque
414 1661 545 1748 litigans
568 1661 609 1727 ed
631 1661 781 1726 heliastas
804 1681 975 1747 provocare
1001 1659 1106 1747 potuit
1120 1661 1154 1742 ¹).
1211 1660 1289 1725 Non
1314 1658 1413 1746 igitur
1435 1661 1673 1726 Westermanni
1696 1661 1888 1727 sententiam
1910 1661 2026 1747 probo,
2062 1657 2118 1724 sed

254 1783 318 1850 alio
347 1785 443 1850 modo
473 1783 695 1852 difficultatem
722 1805 885 1850 removere
912 1783 1055 1849 studebo.
1112 1783 1187 1848 Mea
1209 1782 1295 1848 enirn
1323 1781 1482 1849 sententia
1510 1782 1745 1864 testimonium,
1782 1807 1845 1870 quo
1873 1782 2117 1870 Phylomschen

254 1906 352 1974 etiarn
374 1907 460 1995 upud
482 1908 633 1974 heliustas
653 1906 775 1995 judicio
795 1905 917 1986 vicisse,
939 1905 1063 1994 judices
1078 1906 1227 1973 certiores
1250 1906 1327 1972 iacti
1349 1912 1433 1986 sunt,
1458 1905 1565 1993 aliquo
1588 1911 1730 1994 tempore
1749 1930 1854 1992 errore
1876 1906 1998 1971 librarii
2020 1905 2117 1970 inter-

255 2030 349 2110 cidit,
385 2031 472 2118 quod
493 2054 531 2096 co
554 2030 680 2098 futilius
705 2030 775 2095 fieri
797 2028 919 2117 potuit,
954 2029 998 2110 si,
1033 2036 1071 2096 ut
1096 2036 1145 2096 est
1170 2029 1205 2096 in
1232 2029 1423 2096 testimoniis
1449 2033 1491 2112 ἕξ
1513 2031 1556 2095 36
1580 2037 1613 2096 et
1634 2031 1697 2109 37,
1733 2034 1774 2112 §5
1795 2033 1839 2095 44
1862 2036 1895 2096 et
1916 2031 1977 2110 45,
2013 2027 2116 2094 exitus

253 2153 430 2221 testimonii
464 2153 574 2220 omissi
606 2152 692 2218 idem
725 2152 787 2218 fuit
812 2157 908 2238 atque
933 2153 1158 2220 antecedentis.
1216 2153 1306 2218 Illud
1335 2159 1443 2218 cutem
1477 2151 1695 2219 testimonium
1729 2153 1820 2220 nobis
1850 2159 2010 2219 servotum
2042 2150 2115 2216 ideo

253 2281 381 2344 tuntum
403 2281 509 2342 orator
531 2275 669 2354 addidit,
705 2280 742 2340 ut
764 2275 820 2362 qui
842 2282 891 2342 est
913 2299 982 2342 mos
1005 2277 1088 2364 ejus,
1119 2277 1240 2356 omnic,
1273 2300 1354 2364 quae
1377 2276 1484 2362 aliquo
1511 2277 1607 2342 modo
1630 2301 1703 2343 cum
1726 2299 1837 2343 caussa
1858 2276 1982 2363 agenda
2004 2275 2115 2340 cohae-

254 2405 377 2479 rerent,
413 2397 547 2466 efferret.
606 2397 694 2464 Huic
720 2421 810 2464 meae
836 2399 1012 2466 sententies
1040 2401 1202 2468 obstarent
1228 2423 1304 2467 sune
1330 2402 1428 2466 rerba
1453 2399 1674 2468 antecedentia
1700 2397 1922 2484 ἐναγίγνωσιε
1948 2402 2009 2490 τήν
2035 2425 2116 2488 pop

254 2537 387 2615 τυρίαν,
418 2522 482 2588 nisi
504 2523 598 2601 huec,
628 2544 819 2608 quemquem
843 2523 990 2589 omnibus
1006 2522 1174 2589 codicibus
1198 2523 1428 2602 defenduntur,
1464 2529 1572 2590 tamen
1595 2529 1743 2610 corrupto
1765 2529 1798 2588 et
1820 2522 2020 2610 corrigenda,
2056 2519 2116 2586 etsi

255 2644 447 2713 sententiam
468 2669 574 2711 meam
596 2645 729 2732 probam
751 2644 850 2725 nolis,
879 2652 1076 2734 apparerent.
1135 2647 1220 2712 Tum
1242 2648 1372 2712 demum
1394 2648 1456 2712 boc
1478 2647 1588 2725 modo,
1624 2668 1686 2732 quo
1709 2652 1835 2714 exstant
1856 2669 1894 2712 ec
1915 2650 2025 2733 parata
2047 2665 2115 2710 esse

256 2791 386 2848 censeo,
422 2792 498 2836 cum
522 2769 590 2855 jam
618 2768 754 2833 alterurn
781 2767 1016 2848 testimonium,
1053 2769 1138 2854 quod
1165 2772 1367 2856 sequebatur,
1396 2755 1607 2836 intercideret.
1668 2770 1759 2836 Dicit
1785 2769 1872 2835 enim
1899 2773 2004 2834 orator
2030 2767 2114 2849 §31

254 2895 421 2979 βούλομαι
443 2887 518 2970 cdv,
558 2887 586 2958 cd
610 2887 725 2982 ἄνδρες
749 2893 917 2971 δικασταί,
948 2904 1022 2982 περὶ
1045 2889 1094 2962 ὦν
1116 2899 1228 2985 εἴρηκα
1252 2897 1334 2986 πρός
1359 2892 1463 2982 ὑμᾶς,
1493 2908 1675 2984 μαρτυρίας
1699 2902 1953 2983 παρασχέσθαι,
1985 2897 2116 2982 πρῶτον

254 3021 318 3102 μέν
340 3012 384 3093 οἷς
407 3017 532 3103 ἐνίκησε
558 3017 750 3102 Φυλομάχη,
781 3027 868 3098 γένει
890 3011 973 3084 οὖσα
998 3017 1175 3099 ἐγγυτάτω,
1204 3019 1321 3085 ducato
1346 3030 1420 3106 περὶ
1443 3023 1510 3088 ταῖν
1533 3013 1644 3086 ἄλλων
1666 3013 1844 3086 ducturos·
1882 3023 1950 3080 turn
1974 3015 2117 3100 sequitur

256 3135 479 3222 ἆναγίγναυαε
501 3138 562 3225 τήν
583 3151 778 3228 μαρτυρίαν.
827 3137 998 3222 Quodnam
1024 3137 1252 3218 testimonium,
1277 3139 1348 3226 quis
1370 3163 1436 3205 non
1459 3138 1658 3226 quaesiverit.
1706 3139 1743 3207 Si
1765 3139 1860 3218 enim,
1884 3143 2053 3228 postquem
2076 3137 2115 3202 de

255 3259 401 3350 pluribus
423 3259 623 3340 testimoniis,
648 3282 785 3346 quorum
807 3266 995 3346 argumenta
1016 3260 1155 3327 breviter
1176 3262 1351 3350 descripsit,
1375 3264 1501 3330 locutus
1521 3269 1578 3344 est,
1602 3287 1703 3329 unum
1725 3268 1851 3328 tanturn
1867 3286 1905 3328 ex
1926 3261 1966 3327 iis
1982 3260 2117 3327 scribam

256 3385 362 3471 legere
384 3382 554 3462 voluisset,
590 3388 675 3448 certo
707 3381 736 3448 ei
766 3386 892 3473 ταύτην
914 3389 975 3474 τήν
996 3400 1183 3476 μαρτυρίαν
1210 3385 1379 3452 dicendum
1402 3387 1497 3454 etad
1524 3409 1624 3452 unum
1650 3386 1732 3451 illud
1757 3384 1975 3452 testimonium
1999 3384 2117 3470 digitus

257 3507 390 3574 fortasse
415 3505 629 3572 intendendus
659 3511 730 3587 eut,
766 3507 804 3572 id·
824 3508 909 3593 quod
935 3507 1095 3596 praefero,
1131 3508 1206 3594 quia
1234 3508 1269 3574 in
1298 3533 1403 3576 meam
1437 3510 1628 3576 sententiam
1662 3509 1811 3595 quadrat,
1845 3509 1906 3587 ταὶς
1933 3521 2115 3598 μαρτυρίας

256 3631 441 3720 ponendum
463 3629 534 3696 fnit.
581 3627 618 3696 si
640 3630 701 3696 hoc
723 3629 899 3710 scribimus,
924 3631 1032 3697 omnia
1052 3633 1133 3698 bene
1159 3632 1344 3719 procedunt.
1391 3633 1567 3718 Postquam
1589 3632 1692 3698 scriba
1718 3631 1901 3698 testimonia
1923 3630 1962 3696 de
1985 3629 2117 3696 victoria

257 3755 494 3842 Phylomaches
517 3758 550 3818 et
571 3753 656 3841 apud
680 3753 851 3820 diaetetsm
873 3761 906 3820 et
928 3755 1013 3854 apud
1035 3754 1185 3822 helinstas
1209 3755 1363 3836 recitavit,
1388 3761 1494 3822 orator
1513 3779 1587 3823 eum
1608 3756 1829 3844 interpollet¹)
1853 3761 1885 3821 et
1906 3754 2015 3843 paucis
2035 3775 2117 3819 com·

258 3879 427 3967 plectitur,
462 3899 543 3963 quae
570 3881 666 3942 antea
695 3877 818 3943 dixerat
840 3885 873 3943 et
902 3877 1093 3944 testimoniis
1122 3879 1320 3967 probaverat.
1378 3878 1462 3944 'lum
1488 3878 1605 3944 iterum
1628 3902 1662 3944 se
1684 3878 1842 3946 convertit
1863 3878 1904 3944 ed
1930 3878 2064 3944 scribam
2087 3882 2119 3943 et

258 4001 341 4092 petit
361 4001 401 4067 ab
424 4023 481 4080 eo,
517 4005 554 4065 ut
575 3999 777 4081 testimonia,
814 4025 894 4088 quae
917 4006 1107 4088 sequuntur,
1138 4002 1233 4089 legat.
1281 4001 1504 4090 Comperimus
1527 4007 1633 4068 sutem
1656 4001 1839 4069 testimonio
1862 3999 1953 4068 nobis
1975 3999 2010 4066 in
2032 4004 2053 4082 ὅ
2075 4001 2116 4065 31

260 4130 384 4192 servato
408 4146 552 4191 caussam
574 4125 613 4192 de
637 4124 786 4211 Hagniuc
808 4125 1001 4204 hereditate,
1035 4125 1220 4213 priusquam
1242 4126 1283 4190 ad
1306 4124 1457 4192 helicatas
1480 4125 1695 4204 deferebatur,
1730 4125 1816 4212 apud
1838 4123 2008 4190 diaetetcun
2030 4123 2119 4194 insti·

260 4253 364 4314 tutam
386 4269 470 4326 esse,
506 4248 592 4333 quod
611 4247 679 4335 jam
702 4249 741 4313 ab
763 4247 926 4313 Eubulide
948 4255 1039 4335 petre
1061 4248 1313 4334 Phylomaches,
1349 4247 1404 4335 qui
1426 4255 1536 4316 tamen
1558 4254 1631 4315 onte
1654 4272 1721 4314 rem
1744 4247 1951 4336 dijudicatam
1976 4252 2120 4314 mortuus

260 4376 318 4450 est,
342 4369 462 4437 iactum
485 4392 553 4436 esse
576 4369 760 4438 testimonia
781 4371 856 4438 inde
879 4395 899 4437 a
920 4373 999 4454 §43
1023 4373 1187 4458 usquead
1213 4375 1233 4454 9
1251 4373 1296 4437 45
1319 4373 1435 4439 docent
1447 4373 1482 4458 ⁸)
1541 4371 1638 4458 Quod
1660 4377 1767 4437 cutem
1790 4369 1905 4437 attinet
1927 4371 1966 4436 ed
1990 4394 2119 4450 annum,

260 4515 324 4581 quo
346 4494 425 4560 haec
448 4493 548 4559 oratio
571 4493 681 4560 habita
702 4495 753 4574 sit,
779 4519 873 4582 quom
897 4518 914 4560 e
937 4493 1119 4561 testimonio
1142 4499 1163 4576 8
1185 4497 1226 4561 81
1251 4495 1312 4562 viri
1336 4496 1421 4562 docti
1444 4496 1484 4563 de
1506 4496 1595 4562 Boor
1616 4496 1637 4560 l.
1663 4517 1689 4560 c.
1716 4517 1787 4583 pcg.
1815 4495 1878 4559 139
1902 4517 1967 4580 sqq.
2014 4495 2119 4573 Blass,

422 4739 444 4809 ¹)
481 4740 515 4795 cf.
537 4741 573 4796 M.
594 4741 630 4796 H.
652 4742 847 4810 Hudtwelclrsr,
868 4743 932 4795 tiber
949 4741 991 4794 dle
1010 4742 1146 4796 Dicsteten
1164 4743 1191 4796 in
1209 4743 1306 4812 Athen,
1327 4744 1396 4798 Jena
1416 4745 1494 4811 1812,
1514 4760 1574 4810 pag.
1597 4746 1630 4794 88
1648 4757 1705 4809 sqq.

421 4826 444 4896 ¹)
480 4828 554 4884 Idem
572 4829 601 4883 fit
623 4829 640 4898 ὅ
661 4834 704 4885 50.
747 4829 841 4884 Erunt
858 4815 991 4891 τούτους
1014 4809 1244 4896 ἆναγνῶσεται
1266 4811 1348 4900 υμῖν
1369 4815 1445 4892 τούς
1469 4815 1598 4898 νόμους.
1642 4829 1786 4898 Postquam
1811 4829 1896 4884 sorim
1917 4845 1996 4882 unam
2021 4836 2122 4884 tantum

261 4917 346 4986 legem
363 4917 434 4986 legit,
454 4923 543 4972 orator
560 4935 620 4972 eum
637 4919 794 4987 interpellet.
995 4953 1001 4958 -

422 5001 444 5072 ⁸)
481 5001 557 5067 Quod
574 5007 682 5060 senserit
699 5005 884 5060 Hudtuclcker
902 5006 921 5059 l.
942 5023 966 5059 c.
985 5024 1046 5075 pug.
1069 5011 1117 5060 121
1140 5014 1240 5075 annot,
1262 5023 1315 5060 non
1332 5007 1395 5060 satis
1412 5006 1542 5074 intellego.
