4638 5644
1099 231 1154 312 39

191 483 358 552 dabantur.
394 521 437 532 -—
473 483 509 551 si
539 484 762 571 magistratu,
799 483 884 571 apud
914 505 1009 569 quem
1035 482 1194 570 judicium
1222 481 1342 548 sactum
1369 485 1455 561 erat,
1490 503 1593 566 neque
1623 479 1821 547 exactoribus
1852 502 1956 566 neque
1979 481 2057 580 deae

191 609 420 693 quaestoribus,
446 629 527 694 quae
549 608 652 673 multe
675 608 885 674 condemnato
909 607 1061 672 solvenda
1083 612 1175 686 esset,
1200 606 1416 684 nunciaverat,
1441 603 1503 691 ipsi
1526 627 1564 670 es
1587 605 1626 670 de
1650 627 1707 672 suo
1730 603 1899 690 pendenda
1922 611 2022 678 crat„

985 855 1144 992 Caput
1180 854 1268 965 ΙΠ.

826 1080 875 1213 ἓ.
906 1080 997 1190 24.
1072 1079 1154 1188 lle
1189 1080 1424 1189 oraculo.

355 1327 513 1394 Omnibus
533 1328 602 1416 jam
625 1327 749 1413 legibus
771 1325 973 1415 pertractatis
999 1326 1082 1392 nihil
1105 1332 1217 1406 restet,
1242 1324 1306 1392 nisi
1328 1331 1365 1392 ut
1387 1327 1564 1406 oraculum,
1597 1327 1682 1412 quod
1705 1330 1808 1392 exstat
1834 1329 1921 1408 366,
1946 1325 2056 1415 paucis

195 1449 360 1537 attingam.

352 1572 483 1673 Ἀμαθῇ
512 1576 607 1674 τύχῃ,
642 1577 794 1667 ἐπερωτᾷ
821 1571 841 1640 o‘
868 1577 966 1663 δῆμος
996 1572 1017 1642 o‘
1037 1572 1227 1662 Ἀθηναίων
1247 1585 1331 1664 ,περὶ
1360 1579 1418 1642 τοῦ
1445 1587 1578 1662 σημείου
1605 1577 1665 1643 τοῦ
1688 1575 1725 1642 ἐν
1747 1577 1794 1665 τῷ
1816 1571 1950 1666 οὐρανῷ
1972 1605 2057 1662 reve

193 1706 309 1782 μένου,
341 1694 415 1776 tm
437 1695 482 1766 ἄν
504 1700 623 1788 ὁρῶσιν
645 1695 834 1785 Ἀθηναίοις
858 1693 879 1786 ἢ
900 1693 965 1787 deep
989 1701 1063 1787 θεῷ
1092 1694 1276 1786 θύουσινμῖ
1298 1694 1486 1784 εὐχομένοις
1516 1703 1564 1785 εἴη
1592 1699 1650 1765 ἐπὶ
1677 1700 1714 1764 ad
1743 1693 1879 1784 ἄμεινον
1907 1695 1977 1768 ciac*
2000 1706 2059 1772 τοῦ

194 1831 340 1904 σημείου.
373 1833 528 1912 συμφέρει
549 1818 740 1909 Ἀθηναίοις
769 1831 843 1910 περὶ
869 1825 929 1888 τοῦ
955 1833 1086 1908 σημείου
1116 1825 1173 1890 τοῦ
1203 1823 1240 1889 ἔν
1266 1823 1314 1910 τῷ
1343 1817 1477 1911 culpetra?
1502 1831 1678 1905 γενομένου
1702 1823 1851 1900 θύοντας
1875 1827 2057 1912 καλλιερεῖν

193 1949 247 2006 Act
269 1939 403 2034 ὕπάτιρ,
431 1941 563 2036 Ἀθηνρῖ
585 1941 712 2042 ὖπάτῃ,
737 1940 902 2032 Ἡρακλεῖ,
926 1941 1108 2012 Ἀπόλλωνι
1131 1948 1264 2033 σωτῆρι,
1289 1954 1346 2011 καῖ
1369 1935 1585 2029 α’ποπέμπειν
1607 1941 1825 2032 Ἀμφιόνεσσι·
1855 1956 1931 2035 περὶ
1953 1949 2056 2033 τύχας

194 2061 334 2147 α’γαθοῖς
356 2063 538 2135 Ἀπόλλωνι
561 2063 688 2150 vireret,
723 2076 849 2144 Λατοῖ,
885 2062 1062 2156 Ἀρτέμιδι,
1099 2078 1155 2135 καὶ
1177 2069 1238 2145 τας
1262 2063 1382 2150 α’νυιὰς
1408 2069 1539 2154 κνισῆν,
1572 2078 1630 2135 καὶ
1652 2071 1817 2158 κρατῆρας
1841 2069 1977 2154 {adpre
2000 2082 2058 2137 καῖ

194 2189 309 2278 χορούς
339 2200 396 2256 καῖ
425 2203 682 2278 στεφανηφορεῖν
709 2191 814 2255 καττοὶ
846 2189 987 2277 πάτρια·
1020 2195 1110 2267 θεοῖς
1133 2185 1320 2276 Ὀλυμπίοις
1347 2200 1405 2258 καῖ
1426 2187 1620 2277 Ὀλυμπίαις
1649 2191 1806 2259 πάντεσσι
1833 2201 1890 2257 καῖ
1918 2194 2054 2273 πάσαις,

194 2315 303 2392 δεξιοῖς
333 2323 390 2380 καὶ
417 2308 589 2402 οἷριστερολς
618 2308 829 2397 α’νίσχοντας,
860 2311 1077 2401 μνασιδωρεῖν
1099 2314 1205 2380 καττιλ
1234 2313 1375 2403 πάτρια
1406 2309 1473 2403 ἥρῳ
1499 2310 1683 2405 α’ρχηγίτα,
1719 2308 1759 2382 οὗ
1781 2312 1954 2401 ἕποι’νυμοί
1973 2317 2054 2396 ἔστε,

194 2438 293 2505 θύειν
315 2446 372 2503 καῖ
391 2437 578 2525 δωροτελεῖν
596 2435 702 2500 narro?
723 2435 864 2525 πάτρια·
890 2447 956 2512 τοῖς
977 2431 1222 2521 α’ποφθιμίνοις
1243 2437 1279 2503 ἐν
1299 2442 1475 2526 ἱκνουμένᾳ
1497 2433 1607 2527 οἷμέρρι
1629 2440 1733 2506 τελεῖν
1753 2439 1828 2516 τούς
1851 2445 2055 2516 ποθίκοντας

194 2561 299 2627 καττοὶ
329 2554 495 2646 εἱμαρμένα.

353 2698 570 2764 Athenienses
600 2704 760 2764 ostentum
788 2697 824 2763 in
854 2699 942 2764 caelo
972 2697 1134 2778 viderant,
1170 2721 1232 2784 quo
1260 2698 1411 2765 commoti
1437 2724 1487 2766 res
1511 2701 1658 2766 adversas
1689 2706 1868 2766 metuentes
1892 2702 2055 2767 oraculum

78 2833 81 2844 '
194 2822 390 2910 Delphicum
413 2823 656 2900 consuluerunt,
690 2822 767 2906 quid
790 2820 851 2887 sibi
874 2826 956 2886 esset
982 2819 1173 2887 faciendum.
1228 2821 1402 2889 Oraculum
1428 2824 1599 2911 respondet
1621 2824 1741 2902 verbis,
1776 2847 1857 2910 quae
1881 2831 2056 2910 sequuntur

193 2946 268 3012 inde
302 2969 321 3011 a
351 2967 429 3011 voce
462 2956 617 3034 συμφέρει
650 2943 823 3030 ευαᾱείραε
846 2941 1129 3023 Atheniensibus,
1166 2949 1203 3009 ut
1233 2944 1313 3011 Jovi
1340 2969 1484 3025 summo,
1520 2945 1684 3012 Minervae
1713 2970 1873 3027 summae,
1909 2947 2054 3028 Herculi,

194 3067 343 3156 Apollini
372 3067 526 3134 servatori
554 3067 657 3132 litent.
705 3067 847 3133 Additur
873 3079 930 3135 καὶ
961 3063 1176 3154 ἀποπέμπειν
1198 3063 1417 3156 Ἀμφιόνεσσι.
1465 3068 1556 3153 Quae
1578 3071 1689 3149 verba,
1726 3093 1815 3150 cum,
1841 3071 1997 3157 quomodo
2020 3072 2056 3138 in

195 3192 354 3260 codicibus
384 3195 524 3270 exstant,
554 3189 699 3276 intellegi
721 3213 788 3255 non
816 3190 954 3278 possint,
990 3188 1171 3255 emendavit
1204 3214 1233 3256 v.
1266 3191 1295 3256 d.
1330 3191 1368 3257 de
1400 3191 1487 3257 Bcor
1518 3193 1540 3256 l.
1572 3214 1598 3258 c.
1632 3215 1704 3279 pag.
1731 3194 1795 3290 153Ι
1828 3193 1966 3260 scribens
1998 3206 2056 3262 καῖ

194 3313 410 3403 ἀποπέμπειν
442 3311 531 3402 α’μφῖ
562 3311 672 3403 ὄνῆσει
704 3319 893 3399 vertensque
924 3334 1075 3400 pompam
1105 3311 1232 3378 mittere
1264 3313 1414 3381 utilitatis
1445 3315 1498 3380 vel
1531 3314 1642 3381 salutis
1675 3339 1794 3382 caussa.
1849 3317 1955 3402 Quam
1983 3340 2055 3384 con·

190 3438 347 3528 jacturam
377 3437 612 3524 sagacissimam
642 3441 726 3504 certe
757 3435 793 3502 in
825 3441 948 3502 textum
980 3435 1166 3523 receperim,
1201 3460 1274 3502 cum
1303 3438 1468 3504 meliorem
1500 3437 1645 3503 invenire
1676 3438 1758 3503 mihi
1786 3463 1852 3505 non
1875 3439 2053 3527 contigerit,

193 3584 386 3648 quamquam
406 3560 502 3626 etiarn
525 3561 583 3626 illa
604 3583 671 3626 non
691 3582 801 3626 omnes
825 3558 1029 3625 difficultates
1052 3557 1123 3624 tolli
1145 3559 1232 3624 baud
1254 3559 1375 3646 ignoro.
1417 3561 1505 3627 Nam
1527 3560 1666 3648 primum
1686 3564 1818 3628 verbum
1839 3559 2055 3650 α’ποπέμπειν

193 3683 424 3772 significatione
455 3706 605 3771 pompam
636 3682 786 3749 mittendi
818 3681 873 3748 vix
905 3681 967 3748 alio
999 3685 1070 3750 loco
1103 3683 1257 3763 occurrit;
1293 3684 1407 3750 deinde
1439 3689 1473 3750 et
1503 3683 1537 3747 in
1569 3683 1630 3749 hoc
1661 3692 1693 3750 et
1724 3685 1758 3750 in
1789 3686 1933 3765 oraculo,
1970 3687 2055 3772 quod

192 3806 349 3896 reperitur
377 3805 412 3872 in
442 3811 518 3872 orat.
548 3813 659 3872 contra
679 3805 814 3872 Midiam
845 3808 965 3891 §aab
996 3806 1202 3894 significatio,
1238 3829 1333 3892 quam
1361 3807 1423 3872 boc
1449 3809 1519 3872 loco
1542 3832 1572 3873 v.
1598 3807 1627 3872 d.
1653 3808 1692 3874 de
1714 3809 1803 3874 Boor
1825 3808 2055 3896 praepositioni

193 3927 285 4017 οἶμφί
307 3953 380 3996 cum
402 3928 510 3994 dativo
534 3929 720 4017 conjunctae
743 3929 931 4009 vindicavit,
964 3953 1088 4018 semper
1111 3944 1191 4021 περί
1213 3929 1445 4018 praepositione
1468 3953 1541 3995 cum
1567 3931 1715 4017 genetivo
1742 3931 1910 3997 indicetur.
1958 3932 2054 4017 Quod
2142 3935 2147 3947 ’

192 4052 307 4118 attinet
336 4052 376 4118 ad
406 4051 580 4138 sequentia,
614 4052 761 4138 quodque
789 4052 990 4119 enuntiatum
1017 4053 1102 4119 exire
1131 4052 1212 4119 mihi
1242 4051 1369 4118 videtur
1395 4052 1430 4118 in
1458 4054 1554 4119 verba
1575 4057 1681 4122 καττοῖ
1706 4056 1845 4145 πάτρια,
1876 4061 2054 4122 extremum

192 4197 268 4240 vero
290 4175 325 4240 in
348 4175 459 4254 verba,
488 4197 568 4260 quae
591 4173 657 4242 fere
680 4174 764 4241 idem
789 4175 965 4256 declarant,
994 4179 1099 4245 καττᾰ
1125 4173 1292 4266 ὁγημίνα.
1340 4175 1417 4241 Non
1440 4177 1526 4243 enim
1548 4202 1578 4244 v.
1604 4177 1633 4244 d.
1659 4177 1699 4242 de
1720 4177 1809 4242 Boor
1831 4184 1958 4245 secutus
1981 4179 2052 4261 sim,

192 4297 247 4382 qui
268 4303 342 4384 post
362 4296 524 4389 Ἀρτίμιδι
544 4296 752 4385 interpungit,
777 4321 840 4384 quo
864 4297 1009 4379 efficitur,
1038 4306 1074 4366 ut
1097 4306 1129 4366 et
1152 4299 1192 4366 ad
1215 4299 1311 4366 verba
1340 4312 1415 4390 περὶ
1437 4302 1540 4388 τύχας
1565 4298 1703 4386 dyadis
1726 4297 1909 4371 Ἀπόλλωνι
1933 4299 2051 4388 circesi,

191 4430 315 4499 Λατοῖ,
346 4417 508 4510 Ἀρτέμιδι
537 4420 659 4508 aliquid
681 4445 721 4487 cx
743 4423 1002 4490 antecedentibus
1030 4422 1285 4490 subaudiendum
1307 4422 1348 4489 sit
1377 4446 1480 4509 neque
1507 4425 1603 4490 verba
1628 4423 1703 4489 inde
1727 4447 1746 4489 a
1768 4427 1825 4493 καὶ
1847 4427 1908 4503 τοῖς
1932 4421 2052 4509 α’νυιολς

190 4541 355 4628 usquead
376 4547 482 4612 καττοὲ
505 4546 632 4637 πάτρια
656 4545 810 4626 habeant,
842 4567 905 4632 quo
927 4545 1113 4613 referantur.
1159 4546 1321 4614 Verterim
1341 4551 1465 4613 autem:
1498 4547 1619 4616 Salutis
1641 4547 1743 4613 bonae
1767 4569 1877 4614 caussa
1891 4546 2051 4634 Apollini,

191 4667 246 4751 qui
268 4665 336 4733 vias
368 4671 491 4747 tuetur,
524 4667 682 4749 Latonae,
715 4667 881 4736 Minervae
912 4675 944 4736 et
972 4667 1044 4736 viae
1066 4669 1215 4736 odoribus
1242 4669 1416 4736 suffiendas
1445 4678 1477 4736 et
1509 4677 1648 4737 craterae
1678 4669 1880 4736 collocandae
1905 4677 1938 4737 et
1964 4670 2053 4736 chori

351 4965 372 5035 ¹)
409 4967 485 5030 Quod
502 4969 638 5022 ansulam
653 4975 683 5020 ut
701 4967 753 5022 alia
770 4969 799 5020 in
819 4949 1004 5024 laceratione
1025 4971 1078 5023 litis
1096 4970 1266 5022 instrumenta
1283 4970 1443 5037 suppositum
1465 4969 1554 5023 haberi
1572 4970 1684 5038 perbene
1702 4971 1765 5024 scio.
1811 4969 2053 5038 Quomodcounque

190 5061 277 5119 sutem
295 5071 336 5107 res
354 5071 381 5108 se
399 5055 487 5124 habet,
508 5056 596 5125 negari
615 5063 684 5109 certe
702 5071 755 5110 non
772 5065 857 5124 potest
875 5075 943 5128 eum,
964 5059 1008 5126 qui
1027 5059 1160 5112 oraculum
1179 5058 1360 5126 composuerit,
1380 5057 1521 5126 genumrun
1540 5058 1668 5111 imitatum
1686 5075 1750 5111 esse.

1838 5149 1854 5200 b
