4638 5644
1111 213 1167 292 25

366 471 457 558 Quae
485 473 537 536 lex
564 475 672 536 utrum
699 467 839 556 genuina
861 466 904 534 sit
926 489 1042 544 necne,
1079 489 1152 532 cum
1174 471 1268 531 antea
1290 487 1384 530 nemo
1407 461 1632 543 dubitavisset,
1668 461 1790 550 primus
1813 460 1974 528 Franlrius
1997 465 2019 528 l.
2044 486 2070 530 o.

204 621 276 685 pag.
303 597 367 662 743
401 619 472 661 eam
500 594 695 682 suppositam
723 614 792 658 esse
820 590 986 657 contendit
1013 613 1148 676 eumque
1176 593 1302 654 secutus
1332 613 1362 653 v.
1387 588 1417 652 d.
1443 588 1587 676 Scaliger
1616 587 1652 652 in
1680 586 1799 652 Rhein.
1824 588 1908 654 Mus.
1940 589 2074 656 XXXI

205 743 276 808 pag.
304 721 367 784 176
398 741 465 805 sqq.
496 717 667 784 formulam
689 740 708 782 e
730 714 864 782 diversis
886 714 973 782 Isaei
1002 713 1196 781 orationibus
1227 719 1410 797 congestam
1432 735 1501 778 esse
1529 713 1662 800 probare
1691 711 1823 778 studuit.
1871 711 1937 780 Sed
1958 715 2073 780 horum

205 849 376 928 utrumque
406 866 436 907 v.
461 842 491 908 d.
516 841 561 907 H.
585 841 774 906 Buermann
801 837 1067 906 commentatione
1097 837 1300 924 sagacissima
1328 837 1363 902 in
1385 837 1504 902 Rhein.
1529 837 1612 902 Mus.
1640 833 1793 902 XXXII
1818 859 1890 924 pag.
1914 839 1980 904 353
2004 862 2071 926 sqq.

205 965 325 1054 optime
348 965 509 1045 rehrtavit,
534 963 625 1051 cujus
648 969 836 1050 argumenta
858 986 917 1050 ego
937 963 1066 1049 quidem
1090 963 1145 1042 eis,
1169 962 1310 1048 quaeda
1333 959 1525 1026 testimoniis
1545 961 1663 1047 eaptI
1686 960 1815 1047 protuli,
1839 961 2073 1046 quodammodo

206 1089 357 1177 adjurare
381 1088 488 1154 velim.
537 1087 740 1172 Quamquam
762 1087 797 1151 in
820 1088 881 1166 eis,
918 1109 999 1173 quae
1021 1087 1090 1175 ipse
1113 1086 1262 1174 deinceps
1285 1083 1464 1174 proposuit,
1500 1107 1564 1150 non
1586 1105 1716 1172 prorsus
1740 1107 1814 1150 oum
1837 1107 1874 1150 so
1897 1087 2071 1153 consentio.

206 1211 384 1280 Videamus
407 1212 447 1278 de
471 1210 625 1298 singulis:

358 1385 465 1467 Ὅστις
489 1385 534 1458 ἄν
556 1391 601 1478 μή
626 1391 823 1476 διαθέμενος
848 1384 1022 1488 α’ποθύνῃ,
1047 1390 1110 1458 dciv
1131 1396 1194 1475 μὲν
1209 1388 1334 1464 παῖδας
1355 1388 1538 1484 καταλείπῃ
1563 1387 1713 1473 θηλείας,
1738 1387 1799 1456 σύν
1819 1389 1986 1488 ταύτῃσιν,
2011 1391 2074 1460 dciv

206 1513 242 1579 δὲ
264 1515 326 1601 μή,
357 1514 470 1590 τούςδε
493 1527 621 1602 κυρίους
646 1510 825 1582 εἶναιτῶν
847 1513 1039 1602 χρημάτων.

367 1705 441 1792 Quo
473 1706 509 1772 in
540 1706 706 1772 enuntiato
738 1727 811 1771 oum
842 1704 980 1770 maxime
1012 1704 1207 1772 haesitarent
1239 1704 1301 1771 viri
1333 1704 1436 1782 docti,
1472 1703 1583 1770 multis
1616 1704 1807 1792 conjecturis
1839 1704 1873 1770 id
1905 1706 2074 1776 emendare

208 1831 414 1910 studuerunt,
450 1854 531 1916 quae
561 1835 670 1896 tamen
699 1851 808 1896 omnes
836 1853 856 1894 a
884 1851 959 1894 vero
989 1828 1112 1895 alienae
1139 1828 1220 1896 mihi
1246 1828 1396 1895 videntur
1425 1849 1503 1894 esse.
1563 1827 1698 1916 Scripsit
1724 1829 1811 1894 enim
1833 1829 1971 1896 Wolfius
1999 1835 2074 1912 τούς

206 1957 295 2033 υίούς
319 1956 379 2023 σύν
401 1956 553 2053 ταύτῃσι,
588 1978 618 2038 τ.
645 1953 676 2019 d.
700 1953 740 2018 de
761 1953 851 2018 Boor
872 1954 894 2018 1.
920 1977 947 2018 c.
971 1975 1043 2040 pag.
1070 1955 1086 2017 1
1112 1955 1232 2041 μόνους
1256 1975 1274 2017 e
1297 1973 1443 2018 connexu
1471 1957 1543 2040 post
1569 1954 1681 2031 τούςόε
1708 1951 1804 2017 simul
1828 1951 1932 2018 audiri
1955 1961 2073 2022 censet.

205 2077 477 2143 Buermannusl.
503 2100 529 2143 c.
553 2099 624 2164 pag.
650 2077 715 2142 382
743 2075 953 2142 audacissima
974 2078 1143 2143 verborum
1165 2076 1413 2143 commutatione
1441 2073 1537 2142 scribi
1558 2077 1629 2142 vult
1655 2078 1718 2146 dclv
1740 2083 1802 2163 μέν
1824 2079 1951 2157 παῖδας
1974 2106 2075 2148 κατα-

207 2206 302 2302 λείπῃ
325 2206 465 2291 θηλείας
488 2203 562 2280 τούς
589 2202 757 2286 ἐγγυτάτω
784 2211 896 2283 γένους
923 2217 1083 2271 συνοικεῖν
1109 2204 1267 2301 ταύτῃσιν
1296 2229 1324 2270 κ.
1348 2230 1376 2268 τ.
1401 2205 1437 2268 λι
1481 2197 1630 2264 Primum
1659 2205 1744 2266 certo
1773 2199 1997 2268 offendendum
2026 2210 2075 2270 est

206 2325 242 2391 in
264 2325 368 2392 verbis
391 2329 452 2395 σύν
474 2325 641 2424 ταύτῃσιν,
670 2322 851 2410 quecquid
878 2324 939 2392 sibi
961 2325 1063 2392 velint
1092 2347 1159 2390 non
1187 2325 1348 2412 intellego.
1403 2324 1552 2390 Prolatae
1576 2321 1705 2409 quidem
1732 2328 1807 2388 sunt
1830 2325 1911 2390 duae
1939 2326 2074 2414 explica·

205 2450 309 2515 tiones
328 2472 347 2514 a
368 2447 446 2514 viris
469 2448 570 2514 doctis
594 2447 762 2534 Scholling
783 2449 805 2512 1.
830 2471 856 2514 c.
881 2471 953 2535 pag.
981 2421 1043 2515 103
1067 2453 1100 2516 et
1120 2450 1264 2530 Bunsen,
1290 2449 1421 2536 dejure
1444 2433 1636 2514 hereditario
1659 2446 1911 2513 Atheniensium
1933 2471 2004 2537 pag.
2031 2452 2073 2516 38

206 2579 240 2639 et
267 2573 361 2653 alibi,
399 2595 534 2658 quarum
566 2577 674 2638 tamen
706 2577 821 2638 neutra
851 2578 938 2639 recta
969 2595 1037 2638 esse
1069 2578 1182 2661 potest.
1240 2573 1323 2642 Vult
1354 2572 1440 2638 enim
1472 2572 1528 2637 ille
1560 2571 1665 2637 verbis
1700 2571 1873 2658 significari
1905 2572 2074 2639 dimidium

207 2696 394 2762 hereditatis
422 2696 567 2775 filiabus,
603 2694 771 2761 dimidium
800 2696 953 2783 proximis
980 2697 1150 2763 heredibus
1178 2695 1287 2762 statim
1312 2695 1516 2762 nominandis
1543 2694 1734 2762 tradendum
1762 2717 1849 2774 esse,
1886 2695 1939 2762 hio
1967 2704 2075 2764 autem

207 2818 394 2885 hereditatis
424 2823 615 2906 potestatem
643 2841 753 2884 corum
782 2842 866 2900 esse,
903 2821 958 2907 qui
985 2821 1068 2886 filias
1092 2845 1111 2886 a
1134 2817 1284 2886 defuncto
1311 2820 1438 2886 relictas
1464 2819 1499 2885 in
1526 2818 1768 2884 matrimonium
1796 2819 1924 2885 ducant.
1982 2821 2076 2888 Prior

207 2942 388 3031 explicandi
420 2944 500 3010 ratio
532 2947 606 3031 post
636 2945 750 3022 τούςδο
782 2945 972 3010 vocabulum
1003 2947 1123 3031 μόνους
1155 2943 1361 3010 inserendum
1392 2944 1534 3030 postulat
1566 2948 1599 3008 et
1629 2943 1964 3009 commemorationem
1997 2946 2076 3011 certi

207 3065 312 3146 modi,
347 3067 522 3132 seeundum
550 3089 645 3152 quem
679 3065 764 3133 inter
794 3067 877 3134 filias
907 3073 940 3134 et
973 3091 1088 3154 genere
1123 3067 1283 3154 proximos
1315 3065 1475 3132 hereditas
1491 3065 1552 3132 =sit
1581 3065 1761 3131 dividenda.
1820 3066 1928 3132 Alteri
1961 3069 2074 3149 obstat,

208 3191 293 3276 quod
323 3189 459 3256 feminas
492 3213 617 3276 quoque
650 3191 783 3256 herodes
815 3192 885 3256 fieri
917 3213 1008 3279 posse
1037 3191 1106 3278 jam
1138 3191 1243 3257 verbis
1276 3213 1357 3276 quae
1389 3195 1565 3275 sequuntur
1597 3205 1729 3280 κρατεῖν
1763 3193 1801 3258 δὲ
1832 3193 1905 3270 τούς
1933 3187 2076 3282 ἄρρενας

208 3321 348 3402 apparet.
384 3353 427 3361 -
462 3313 533 3379 Iam
557 3337 632 3380 vero
655 3313 792 3392 accedit,
827 3315 913 3399 quod
935 3313 970 3378 in
992 3313 1062 3402 ipso
1089 3320 1179 3380 textu
1201 3314 1393 3380 vocabulum
1415 3316 1527 3392 τούςδο
1553 3314 1730 3380 necessarie
1753 3314 1886 3379 verbum
1910 3313 2074 3401 efflagitat,

208 3439 294 3524 quod
322 3438 382 3504 sihi
411 3438 592 3527 oppositum
621 3438 670 3504 sit.
731 3437 805 3523 Qua
834 3461 945 3504 caussa
971 3443 1148 3504 commotus
1176 3437 1323 3525 equidem
1352 3461 1410 3525 pro
1436 3437 1498 3507 σύν
1529 3438 1688 3536 ταύτῃσιν
1720 3437 1922 3502 scribendum
1949 3441 2075 3519 ταύτας

207 3562 434 3650 proposuerim.
481 3564 568 3629 Nam
591 3561 674 3628 filias
698 3562 840 3629 dehincti
863 3561 939 3628 filiis
961 3583 1027 3627 non
1050 3559 1231 3626 viventibus
1254 3559 1386 3627 heredes
1409 3557 1509 3627 laetas
1532 3566 1565 3626 et
1587 3563 1779 3652 ἐπικλήρους
1803 3561 1984 3627 nominatas
2007 3583 2076 3628 csse

208 3685 286 3750 satis
315 3688 447 3749 constat.
504 3685 556 3750 Ex
586 3686 671 3752 Isaei
702 3686 788 3752 enim
815 3692 892 3751 orat.
917 3685 1007 3754 VIII
1034 3689 1055 3768 ξ
1078 3687 1118 3750 31
1144 3691 1177 3750 et
1198 3685 1236 3750 X
1263 3688 1284 3767 ξ
1309 3687 1350 3749 12
1373 3691 1405 3750 et
1434 3684 1623 3770 [Demosth]
1652 3684 1686 3749 in
1711 3684 1912 3772 Stephanum
1934 3686 1965 3749 B
1989 3690 2010 3767 ξ
2033 3687 2076 3752 20

79 3825 80 3828 ’
208 3811 312 3876 elucet
334 3807 438 3886 illum,
463 3807 517 3893 qui
542 3809 715 3895 epiolerum
737 3810 772 3875 in
794 3809 1035 3876 matrimonium
1058 3809 1158 3888 duxit,
1182 3832 1298 3896 genere
1321 3808 1443 3874 scilicet
1465 3808 1638 3896 proximus,
1662 3831 1729 3874 non
1751 3831 1816 3873 una
1838 3831 1912 3874 cum
1936 3809 2074 3896 epiolero

207 3934 292 3999 bona
314 3953 440 4018 quoque
463 3931 532 4020 ejus
556 3933 727 4021 accepisse,
757 3934 812 3998 sed
835 3933 1069 4000 usumfructum
1092 3939 1219 3999 tantum
1243 3955 1354 3998 eorum
1376 3931 1541 4011 habuisse;
1575 3955 1671 4018 quarn
1694 3931 1835 4020 primum
1858 3938 1966 3998 autem
1989 3933 2077 4000 filius

208 4079 246 4122 ex
275 4055 413 4145 epiclero
443 4060 537 4121 natus
564 4079 622 4143 por
650 4055 816 4122 biennium
842 4057 1007 4144 pubuerit,
1042 4065 1112 4123 tum
1138 4057 1233 4122 illum
1255 4057 1424 4144 pecuniam
1447 4056 1599 4143 adeptum
1623 4079 1700 4122 esse.
1760 4057 1836 4121 Non
1860 4079 1935 4142 ergo
1959 4081 2077 4143 genere

207 4178 369 4266 proximus
398 4186 430 4245 et
459 4181 543 4245 hona
566 4185 599 4245 et
625 4179 725 4244 filiam
752 4180 977 4246 hereditariam
1003 4181 1096 4276 heres
1120 4179 1257 4268 accepit,
1293 4203 1396 4267 neque
1420 4180 1449 4246 ei
1477 4180 1570 4246 licuit
1591 4179 1700 4245 liberis
1723 4202 1762 4243 ex
1785 4178 1849 4245 alia
1871 4203 1968 4244 uxore
1992 4181 2076 4247 natis

207 4301 291 4368 bona
314 4303 444 4389 epicleri
466 4303 605 4382 tradere,
640 4303 697 4368 sed
718 4305 803 4370 bona
825 4303 981 4391 epiclerus
1004 4304 1144 4370 obtinuit
1167 4327 1265 4390 eaque
1292 4303 1360 4370 filio
1387 4303 1580 4389 simulatque
1604 4302 1744 4369 adolevit
1767 4301 1920 4370 concedit.
1971 4304 2077 4370 Filius

208 4431 316 4491 autem
349 4426 419 4512 lege
451 4426 621 4492 obstrictus
655 4432 724 4492 erat
754 4427 849 4492 matri
882 4428 1003 4494 rictum
1037 4427 1202 4507 dometiri,
1238 4449 1304 4493 non
1332 4427 1433 4515 patri,
1470 4426 1622 4512 quoniam
1650 4428 1689 4493 ab
1713 4449 1750 4491 eo
1777 4427 1988 4492 hereditatem
2011 4449 2077 4493 non

208 4553 382 4636 acceperat.
418 4587 462 4596 -
495 4549 601 4616 Filiae
624 4555 732 4616 autem
759 4551 834 4616 filiis
861 4574 926 4615 non
949 4549 1171 4638 superstitibus
1199 4551 1409 4617 hereditatem
1432 4549 1598 4616 obvenisse
1622 4550 1719 4615 etiam
1743 4573 1782 4616 ex
1808 4549 1894 4615 Isaei
1917 4557 1995 4617 orat.
2019 4551 2078 4616 XI

208 4674 273 4754 §8
301 4675 415 4738 elucet.
474 4673 621 4760 Hagnias
648 4673 735 4739 enim
763 4674 877 4740 sororis
908 4673 1008 4740 filiam
1036 4698 1106 4740 eam
1134 4676 1172 4740 ob
1204 4697 1348 4740 caussam
1375 4673 1554 4762 adoptauit,
1589 4681 1627 4741 ut
1652 4675 1713 4740 hoc
1739 4674 1834 4739 modo
1860 4675 1952 4740 heres
1976 4676 2075 4741 fieret.

209 4794 249 4859 cf.
274 4817 398 4882 quoque
421 4797 503 4862 Isae.
529 4802 606 4862 orat.
630 4797 668 4861 X
695 4799 760 4879 §4
787 4801 823 4880 (s.
849 4797 885 4881 f.)
912 4803 944 4864 ot
967 4799 997 4862 5.
1049 4797 1141 4863 Idem
1168 4822 1225 4864 nos
1249 4799 1364 4864 docent
1386 4797 1617 4886 lexicographi,
1646 4799 1736 4864 velut
1758 4797 1973 4885 Harpocratio
1996 4821 2020 4863 s.
2045 4821 2075 4862 v.

209 4920 365 4997 ἐπίδικος·
400 4923 571 5011 ἐπίκληρος
603 4932 666 5007 μίν
697 4924 785 4991 ἐστιν
814 4921 836 5012 ἤ
865 4925 922 4990 ἐπὶ
950 4933 1053 4992 παντὶ
1082 4927 1130 5012 τῷ
1161 4925 1267 5013 κλήρῳ
1301 4919 1431 5014 ripparii
1462 4926 1761 5010 καταλελειμμένῃ,
1797 4925 1842 5010 μή
1870 4919 1962 5000 ὄντος
1991 4919 2078 5019 αὐτῇ

210 5037 356 5127 α’δελφού
379 5049 411 5106 ct
434 5041 550 5109 Suidas
573 5066 597 5108 e.
622 5067 652 5108 v.
677 5046 861 5135 ἐπίκληρος·
887 5042 971 5114 ὅταν
994 5060 1074 5124 παῖς
1099 5043 1228 5135 deperi}
1253 5049 1379 5135 πατρός
1402 5057 1460 5112 καὶ
1481 5047 1603 5135 μητρύς
1626 5042 1780 5132 dectores
1802 5073 1838 5113 τε
1857 5041 1939 5114 ούσα
1960 5045 2078 5134 ίρῃμος
