<?xml version="1.0" encoding="UTF-8"?>
<!DOCTYPE html PUBLIC "-//W3C//DTD XHTML 1.0 Transitional//EN"
    "http://www.w3.org/TR/xhtml1/DTD/xhtml1-transitional.dtd">
<html xmlns="http://www.w3.org/1999/xhtml" xml:lang="en" lang="en">
 <head>
  <title>
</title>
<meta http-equiv="Content-Type" content="text/html;charset=utf-8" />
  <meta name='ocr-system' content='tesseract 3.04.00' />
  <meta name='ocr-capabilities' content='ocr_page ocr_carea ocr_par ocr_line ocrx_word'/>
</head>
<body>
  <div class='ocr_page' id='page_1' title='image "./delitisinstrume00wachgoog_0023.png"; bbox 0 0 4638 5644; ppageno 0'>
   <div class='ocr_carea' id='block_1_1' title="bbox 1114 191 1167 268">
    <p class='ocr_par' dir='ltr' id='par_1_1' title="bbox 1114 191 1167 268">
     <span class='ocr_line' id='line_1_1' title="bbox 1114 191 1167 268; baseline 0 0"><span class='ocrx_word' id='word_1_1' title='bbox 1114 191 1167 268; x_wconf 82' lang='lat'><strong>21</strong></span> 
     </span>
    </p>
   </div>
   <div class='ocr_carea' id='block_1_2' title="bbox 208 439 2149 2387">
    <p class='ocr_par' dir='ltr' id='par_1_2' title="bbox 208 439 2079 1029">
     <span class='ocr_line' id='line_1_2' title="bbox 209 439 2077 535; baseline 0.001 -20"><span class='ocrx_word' id='word_1_2' title='bbox 209 447 445 534; x_wconf 80' lang='grc' dir='ltr'><strong><em>πεν]τ[ηἰιοντοι</em></strong></span> <span class='ocrx_word' id='word_1_3' title='bbox 477 455 533 512; x_wconf 71' lang='grc' dir='ltr'><strong>καὶ</strong></span> <span class='ocrx_word' id='word_1_4' title='bbox 566 444 611 522; x_wconf 80' lang='grc' dir='ltr'><strong>εἷς</strong></span> <span class='ocrx_word' id='word_1_5' title='bbox 642 451 672 510; x_wconf 83' lang='lat' dir='ltr'><strong>ol</strong></span> <span class='ocrx_word' id='word_1_6' title='bbox 702 445 818 530; x_wconf 75' lang='grc' dir='ltr'><strong><em>ἐφέται</em></strong></span> <span class='ocrx_word' id='word_1_7' title='bbox 843 439 979 528; x_wconf 72' lang='grc' dir='ltr'><strong><em>ἄκοντα]</em></strong></span> <span class='ocrx_word' id='word_1_8' title='bbox 996 441 1005 531; x_wconf 64' lang='grc' dir='ltr'><strong>,Ι</strong></span> <span class='ocrx_word' id='word_1_9' title='bbox 1020 458 1162 522; x_wconf 52' lang='grc' dir='ltr'><strong><em>κτεῖναι)</em></strong></span> <span class='ocrx_word' id='word_1_10' title='bbox 1197 445 1378 528; x_wconf 66' lang='grc' dir='ltr'><strong><em>ἐσέσθ[οι]ν</em></strong></span> <span class='ocrx_word' id='word_1_11' title='bbox 1404 447 1441 512; x_wconf 75' lang='lat' dir='ltr'><strong>dt</strong></span> <span class='ocrx_word' id='word_1_12' title='bbox 1469 446 1508 526; x_wconf 76' lang='lat' dir='ltr'><strong>[ol</strong></span> <span class='ocrx_word' id='word_1_13' title='bbox 1537 446 1696 535; x_wconf 73' lang='grc' dir='ltr'><strong>φράτορες</strong></span> <span class='ocrx_word' id='word_1_14' title='bbox 1723 447 1786 514; x_wconf 74' lang='lat' dir='ltr'><strong>tota</strong></span> <span class='ocrx_word' id='word_1_15' title='bbox 1813 447 1954 514; x_wconf 67' lang='grc' dir='ltr'><strong><em>ἐθέλωσι</em></strong></span> <span class='ocrx_word' id='word_1_16' title='bbox 1981 448 2077 516; x_wconf 70' lang='grc' dir='ltr'><strong><em>δέκα·</em></strong></span> 
     </span>
     <span class='ocr_line' id='line_1_3' title="bbox 208 563 2078 658; baseline 0.001 -22"><span class='ocrx_word' id='word_1_17' title='bbox 208 573 340 648; x_wconf 78' lang='grc' dir='ltr'><strong><em>τούτους</em></strong></span> <span class='ocrx_word' id='word_1_18' title='bbox 368 571 396 653; x_wconf 87' lang='lat' dir='ltr'><strong>d]</strong></span> <span class='ocrx_word' id='word_1_19' title='bbox 429 577 444 636; x_wconf 78' lang='grc' dir='ltr'>ἑ</span> <span class='ocrx_word' id='word_1_20' title='bbox 475 571 525 652; x_wconf 85' lang='lat' dir='ltr'><strong>[o]t</strong></span> <span class='ocrx_word' id='word_1_21' title='bbox 549 568 761 656; x_wconf 78' lang='grc' dir='ltr'><strong><em>πεντήκο[ν]τ</em></strong></span> <span class='ocrx_word' id='word_1_22' title='bbox 774 569 808 649; x_wconf 83' lang='grc' dir='ltr'><strong>[α</strong></span> <span class='ocrx_word' id='word_1_23' title='bbox 836 569 903 650; x_wconf 80' lang='grc' dir='ltr'><strong>καὶ]</strong></span> <span class='ocrx_word' id='word_1_24' title='bbox 929 567 973 645; x_wconf 78' lang='grc' dir='ltr'><strong>εἶς</strong></span> <span class='ocrx_word' id='word_1_25' title='bbox 997 563 1221 656; x_wconf 76' lang='grc' dir='ltr'><strong><em>οἷρ[ι]σ[τίνδην</em></strong></span> <span class='ocrx_word' id='word_1_26' title='bbox 1242 575 1436 658; x_wconf 66' lang='grc' dir='ltr'><strong><em>αἱρείσθων·</em></strong></span> <span class='ocrx_word' id='word_1_27' title='bbox 1466 579 1523 634; x_wconf 74' lang='grc' dir='ltr'><strong>καὶ</strong></span> <span class='ocrx_word' id='word_1_28' title='bbox 1549 575 1579 636; x_wconf 81' lang='lat' dir='ltr'><strong>ol</strong></span> <span class='ocrx_word' id='word_1_29' title='bbox 1605 569 1760 658; x_wconf 79' lang='grc' dir='ltr'><strong><em>πρό]το[ρ]</em></strong></span> <span class='ocrx_word' id='word_1_30' title='bbox 1774 566 1832 655; x_wconf 62' lang='lat' dir='ltr'><strong>lior</strong></span> <span class='ocrx_word' id='word_1_31' title='bbox 1858 570 2078 652; x_wconf 68' lang='lat' dir='ltr'><strong>arsdrlatvsae</strong></span> 
     </span>
     <span class='ocr_line' id='line_1_4' title="bbox 210 687 2079 783; baseline 0.001 -23"><span class='ocrx_word' id='word_1_32' title='bbox 210 695 247 761; x_wconf 76' lang='grc' dir='ltr'><strong>ἰν</strong></span> <span class='ocrx_word' id='word_1_33' title='bbox 275 694 381 783; x_wconf 71' lang='grc' dir='ltr'><strong><em>τ]ρῖ[δο</em></strong></span> <span class='ocrx_word' id='word_1_34' title='bbox 404 696 452 782; x_wconf 73' lang='grc' dir='ltr'><strong>τῷ</strong></span> <span class='ocrx_word' id='word_1_35' title='bbox 478 697 595 782; x_wconf 69' lang='grc' dir='ltr'><strong><em>θεσμῷ</em></strong></span> <span class='ocrx_word' id='word_1_36' title='bbox 625 694 824 777; x_wconf 70' lang='grc' dir='ltr'><strong><em>ἐνεχέσθων.</em></strong></span> <span class='ocrx_word' id='word_1_37' title='bbox 857 699 1033 782; x_wconf 80' lang='grc' dir='ltr'><strong><em>Προειπεῖν</em></strong></span> <span class='ocrx_word' id='word_1_38' title='bbox 1059 695 1107 782; x_wconf 71' lang='grc' dir='ltr'><strong>τῷ</strong></span> <span class='ocrx_word' id='word_1_39' title='bbox 1134 687 1369 778; x_wconf 56' lang='lat' dir='ltr'><strong>abbandunam</strong></span> <span class='ocrx_word' id='word_1_40' title='bbox 1397 692 1434 758; x_wconf 72' lang='grc' dir='ltr'><strong>ἔν</strong></span> <span class='ocrx_word' id='word_1_41' title='bbox 1462 689 1602 782; x_wconf 51' lang='lat' dir='ltr'><strong>digno&amp;</strong></span> <span class='ocrx_word' id='word_1_42' title='bbox 1631 692 1751 775; x_wconf 70' lang='grc' dir='ltr'><strong><em>ἔντ]ο“[ς</em></strong></span> <span class='ocrx_word' id='word_1_43' title='bbox 1778 689 1998 783; x_wconf 72' lang='grc' dir='ltr'><strong><em>ἆνεψιότητος</em></strong></span> <span class='ocrx_word' id='word_1_44' title='bbox 2020 703 2079 762; x_wconf 70' lang='grc' dir='ltr'><strong>καὶ</strong></span> 
     </span>
     <span class='ocr_line' id='line_1_5' title="bbox 210 811 2077 907; baseline 0.001 -23"><span class='ocrx_word' id='word_1_45' title='bbox 210 812 367 907; x_wconf 58' lang='lat' dir='ltr'><strong>atramenti·</strong></span> <span class='ocrx_word' id='word_1_46' title='bbox 402 813 636 904; x_wconf 69' lang='lat' dir='ltr'><strong>ovvdadxsrlvll</strong></span> <span class='ocrx_word' id='word_1_47' title='bbox 652 818 688 883; x_wconf 76' lang='lat' dir='ltr'><strong>dd</strong></span> <span class='ocrx_word' id='word_1_48' title='bbox 724 817 794 898; x_wconf 78' lang='grc' dir='ltr'><strong>[καὶ</strong></span> <span class='ocrx_word' id='word_1_49' title='bbox 827 811 1028 905; x_wconf 79' lang='grc' dir='ltr'><strong><em>οἷνε]ψ[ιούς</em></strong></span> <span class='ocrx_word' id='word_1_50' title='bbox 1065 826 1122 882; x_wconf 74' lang='grc' dir='ltr'><strong>καὶ</strong></span> <span class='ocrx_word' id='word_1_51' title='bbox 1155 811 1308 905; x_wconf 78' lang='grc' dir='ltr'><strong><em>α’νοψιοῖν</em></strong></span> <span class='ocrx_word' id='word_1_52' title='bbox 1341 818 1466 892; x_wconf 75' lang='grc' dir='ltr'><strong><em>παῖδας</em></strong></span> <span class='ocrx_word' id='word_1_53' title='bbox 1498 826 1557 882; x_wconf 61' lang='grc' dir='ltr'><strong>καὶ</strong></span> <span class='ocrx_word' id='word_1_54' title='bbox 1589 818 1757 905; x_wconf 71' lang='grc' dir='ltr'><strong><em>γαμβρους</em></strong></span> <span class='ocrx_word' id='word_1_55' title='bbox 1791 825 1847 882; x_wconf 80' lang='grc' dir='ltr'><strong>καὶ</strong></span> <span class='ocrx_word' id='word_1_56' title='bbox 1883 819 2077 906; x_wconf 71' lang='grc' dir='ltr'><strong>πενθεροῦ]ς</strong></span> 
     </span>
     <span class='ocr_line' id='line_1_6' title="bbox 212 937 642 1029; baseline 0 -23"><span class='ocrx_word' id='word_1_57' title='bbox 212 937 330 1026; x_wconf 71' lang='grc' dir='ltr'><strong>[ιιΗΙαὶ</strong></span> <span class='ocrx_word' id='word_1_58' title='bbox 361 940 642 1029; x_wconf 75' lang='grc' dir='ltr'><strong><em>φ[ροὶ]τ[ο]ρ[ας.</em></strong></span> 
     </span>
    </p>

    <p class='ocr_par' dir='ltr' id='par_1_3' title="bbox 209 1061 2149 2387">
     <span class='ocr_line' id='line_1_7' title="bbox 369 1061 2077 1152; baseline 0.003 -24"><span class='ocrx_word' id='word_1_59' title='bbox 369 1062 540 1150; x_wconf 74' lang='lat' dir='ltr'>Inscriptio</span> <span class='ocrx_word' id='word_1_60' title='bbox 569 1071 601 1128; x_wconf 88' lang='lat' dir='ltr'><strong>et</strong></span> <span class='ocrx_word' id='word_1_61' title='bbox 628 1063 764 1130; x_wconf 88' lang='lat' dir='ltr'><strong>formula</strong></span> <span class='ocrx_word' id='word_1_62' title='bbox 787 1061 924 1128; x_wconf 89' lang='lat' dir='ltr'><strong>orationi</strong></span> <span class='ocrx_word' id='word_1_63' title='bbox 950 1061 1069 1126; x_wconf 88' lang='lat' dir='ltr'><strong>inserta</strong></span> <span class='ocrx_word' id='word_1_64' title='bbox 1095 1062 1204 1148; x_wconf 86' lang='lat' dir='ltr'><strong>paucis</strong></span> <span class='ocrx_word' id='word_1_65' title='bbox 1232 1062 1316 1128; x_wconf 85' lang='lat' dir='ltr'><strong>inter</strong></span> <span class='ocrx_word' id='word_1_66' title='bbox 1339 1085 1372 1128; x_wconf 88' lang='lat' dir='ltr'><strong>se</strong></span> <span class='ocrx_word' id='word_1_67' title='bbox 1400 1061 1559 1128; x_wconf 88' lang='lat' dir='ltr'><strong>differunt.</strong></span> <span class='ocrx_word' id='word_1_68' title='bbox 1610 1061 1758 1127; x_wconf 86' lang='lat' dir='ltr'><strong>Primum</strong></span> <span class='ocrx_word' id='word_1_69' title='bbox 1784 1063 1881 1128; x_wconf 82' lang='lat' dir='ltr'><strong>verba</strong></span> <span class='ocrx_word' id='word_1_70' title='bbox 1907 1078 2077 1152; x_wconf 69' lang='grc' dir='ltr'><strong><em>προειπεῖν</em></strong></span> 
     </span>
     <span class='ocr_line' id='line_1_8' title="bbox 209 1185 2075 1277; baseline -0.002 -21"><span class='ocrx_word' id='word_1_71' title='bbox 209 1212 310 1275; x_wconf 90' lang='lat' dir='ltr'><strong>usque</strong></span> <span class='ocrx_word' id='word_1_72' title='bbox 333 1188 373 1253; x_wconf 87' lang='lat' dir='ltr'><strong>ad</strong></span> <span class='ocrx_word' id='word_1_73' title='bbox 395 1199 452 1254; x_wconf 78' lang='grc' dir='ltr'><strong>καὶ</strong></span> <span class='ocrx_word' id='word_1_74' title='bbox 476 1190 656 1277; x_wconf 71' lang='grc' dir='ltr'><strong><em>φράτερας,</em></strong></span> <span class='ocrx_word' id='word_1_75' title='bbox 686 1211 766 1273; x_wconf 90' lang='lat' dir='ltr'><strong>quae</strong></span> <span class='ocrx_word' id='word_1_76' title='bbox 788 1186 882 1252; x_wconf 89' lang='lat' dir='ltr'><strong>initio</strong></span> <span class='ocrx_word' id='word_1_77' title='bbox 905 1185 1059 1252; x_wconf 74' lang='lat' dir='ltr'><strong>formulae</strong></span> <span class='ocrx_word' id='word_1_78' title='bbox 1082 1186 1246 1272; x_wconf 86' lang='lat' dir='ltr'><strong>leguntur,</strong></span> <span class='ocrx_word' id='word_1_79' title='bbox 1274 1187 1309 1252; x_wconf 91' lang='lat' dir='ltr'><strong>in</strong></span> <span class='ocrx_word' id='word_1_80' title='bbox 1331 1185 1539 1272; x_wconf 81' lang='lat' dir='ltr'><strong>inscriptione</strong></span> <span class='ocrx_word' id='word_1_81' title='bbox 1562 1185 1622 1265; x_wconf 91' lang='lat' dir='ltr'><strong>eis,</strong></span> <span class='ocrx_word' id='word_1_82' title='bbox 1652 1209 1733 1270; x_wconf 88' lang='lat' dir='ltr'><strong>quae</strong></span> <span class='ocrx_word' id='word_1_83' title='bbox 1756 1186 1794 1252; x_wconf 91' lang='lat' dir='ltr'><strong>de</strong></span> <span class='ocrx_word' id='word_1_84' title='bbox 1818 1185 2075 1254; x_wconf 60' lang='lat' dir='ltr'><strong>reconciliatione</strong></span> 
     </span>
     <span class='ocr_line' id='line_1_9' title="bbox 211 1308 2149 1399; baseline -0.001 -20"><span class='ocrx_word' id='word_1_85' title='bbox 211 1336 283 1379; x_wconf 90' lang='lat' dir='ltr'><strong>cum</strong></span> <span class='ocrx_word' id='word_1_86' title='bbox 315 1310 453 1376; x_wconf 86' lang='lat' dir='ltr'><strong>hominis</strong></span> <span class='ocrx_word' id='word_1_87' title='bbox 481 1310 640 1376; x_wconf 81' lang='lat' dir='ltr'><strong>interfecti</strong></span> <span class='ocrx_word' id='word_1_88' title='bbox 674 1311 816 1398; x_wconf 85' lang='lat' dir='ltr'><strong>cognatis</strong></span> <span class='ocrx_word' id='word_1_89' title='bbox 848 1309 1103 1397; x_wconf 87' lang='lat' dir='ltr'><strong>praecipiuntur,</strong></span> <span class='ocrx_word' id='word_1_90' title='bbox 1138 1310 1313 1398; x_wconf 85' lang='lat' dir='ltr'><strong>postposita</strong></span> <span class='ocrx_word' id='word_1_91' title='bbox 1346 1314 1429 1374; x_wconf 78' lang='lat' dir='ltr'><strong>sunt.</strong></span> <span class='ocrx_word' id='word_1_92' title='bbox 1488 1308 1579 1392; x_wconf 81' lang='lat' dir='ltr'><strong>Quae</strong></span> <span class='ocrx_word' id='word_1_93' title='bbox 1613 1309 1836 1387; x_wconf 84' lang='lat' dir='ltr'><strong>commutatio,</strong></span> <span class='ocrx_word' id='word_1_94' title='bbox 1874 1310 1901 1376; x_wconf 88' lang='lat' dir='ltr'><strong>si</strong></span> <span class='ocrx_word' id='word_1_95' title='bbox 1933 1311 1972 1376; x_wconf 86' lang='lat' dir='ltr'><strong>ab</strong></span> <span class='ocrx_word' id='word_1_96' title='bbox 2004 1311 2074 1399; x_wconf 89' lang='lat' dir='ltr'><strong>ipso</strong></span> <span class='ocrx_word' id='word_1_97' title='bbox 2143 1345 2149 1352; x_wconf 63' lang='lat'><strong><em>¹</em></strong></span> 
     </span>
     <span class='ocr_line' id='line_1_10' title="bbox 211 1433 2075 1523; baseline 0.002 -23"><span class='ocrx_word' id='word_1_98' title='bbox 211 1441 333 1501; x_wconf 82' lang='lat' dir='ltr'><strong>oratore</strong></span> <span class='ocrx_word' id='word_1_99' title='bbox 356 1434 497 1522; x_wconf 87' lang='lat' dir='ltr'><strong>profecta</strong></span> <span class='ocrx_word' id='word_1_100' title='bbox 520 1439 583 1512; x_wconf 84' lang='lat' dir='ltr'><strong>est,</strong></span> <span class='ocrx_word' id='word_1_101' title='bbox 617 1441 702 1500; x_wconf 82' lang='lat' dir='ltr'><strong>certo</strong></span> <span class='ocrx_word' id='word_1_102' title='bbox 727 1435 843 1501; x_wconf 90' lang='lat' dir='ltr'><strong>idcirco</strong></span> <span class='ocrx_word' id='word_1_103' title='bbox 866 1433 950 1498; x_wconf 80' lang='lat' dir='ltr'><strong>facta</strong></span> <span class='ocrx_word' id='word_1_104' title='bbox 974 1438 1036 1511; x_wconf 88' lang='lat' dir='ltr'><strong>est,</strong></span> <span class='ocrx_word' id='word_1_105' title='bbox 1071 1438 1107 1497; x_wconf 87' lang='lat' dir='ltr'><strong>ut</strong></span> <span class='ocrx_word' id='word_1_106' title='bbox 1132 1433 1182 1512; x_wconf 87' lang='lat' dir='ltr'><strong>id,</strong></span> <span class='ocrx_word' id='word_1_107' title='bbox 1218 1435 1303 1520; x_wconf 88' lang='lat' dir='ltr'><strong>quod</strong></span> <span class='ocrx_word' id='word_1_108' title='bbox 1325 1435 1367 1500; x_wconf 88' lang='lat' dir='ltr'><strong>ad</strong></span> <span class='ocrx_word' id='word_1_109' title='bbox 1380 1449 1461 1499; x_wconf 88' lang='lat' dir='ltr'><strong>&#39;rem</strong></span> <span class='ocrx_word' id='word_1_110' title='bbox 1484 1433 1640 1518; x_wconf 81' lang='lat' dir='ltr'><strong>agendam</strong></span> <span class='ocrx_word' id='word_1_111' title='bbox 1663 1435 1800 1500; x_wconf 84' lang='lat' dir='ltr'><strong>maxime</strong></span> <span class='ocrx_word' id='word_1_112' title='bbox 1823 1436 1957 1514; x_wconf 86' lang='lat' dir='ltr'><strong>valeret,</strong></span> <span class='ocrx_word' id='word_1_113' title='bbox 1987 1436 2075 1523; x_wconf 88' lang='lat' dir='ltr'><strong>prius</strong></span> 
     </span>
     <span class='ocr_line' id='line_1_11' title="bbox 209 1556 2075 1648; baseline 0.003 -24"><span class='ocrx_word' id='word_1_114' title='bbox 209 1566 380 1648; x_wconf 83' lang='lat' dir='ltr'><strong>poneretur</strong></span> <span class='ocrx_word' id='word_1_115' title='bbox 393 1561 436 1642; x_wconf 88' lang='lat'><strong>¹),</strong></span> <span class='ocrx_word' id='word_1_116' title='bbox 472 1557 500 1624; x_wconf 90' lang='lat' dir='ltr'><strong>si</strong></span> <span class='ocrx_word' id='word_1_117' title='bbox 529 1565 636 1624; x_wconf 90' lang='lat' dir='ltr'><strong>autem</strong></span> <span class='ocrx_word' id='word_1_118' title='bbox 659 1583 678 1623; x_wconf 89' lang='lat' dir='ltr'><strong>a</strong></span> <span class='ocrx_word' id='word_1_119' title='bbox 701 1558 830 1624; x_wconf 89' lang='lat' dir='ltr'><strong>librario</strong></span> <span class='ocrx_word' id='word_1_120' title='bbox 853 1557 1010 1642; x_wconf 87' lang='lat' dir='ltr'><strong>quodam,</strong></span> <span class='ocrx_word' id='word_1_121' title='bbox 1047 1556 1119 1641; x_wconf 88' lang='lat' dir='ltr'><strong>qui,</strong></span> <span class='ocrx_word' id='word_1_122' title='bbox 1155 1559 1314 1642; x_wconf 90' lang='lat' dir='ltr'><strong>quomodo</strong></span> <span class='ocrx_word' id='word_1_123' title='bbox 1342 1558 1480 1626; x_wconf 84' lang='lat' dir='ltr'><strong>formula</strong></span> <span class='ocrx_word' id='word_1_124' title='bbox 1508 1557 1543 1620; x_wconf 91' lang='lat' dir='ltr'><strong>in</strong></span> <span class='ocrx_word' id='word_1_125' title='bbox 1570 1558 1687 1624; x_wconf 88' lang='lat' dir='ltr'><strong>tabulis</strong></span> <span class='ocrx_word' id='word_1_126' title='bbox 1715 1581 1788 1622; x_wconf 89' lang='lat' dir='ltr'><strong>eum</strong></span> <span class='ocrx_word' id='word_1_127' title='bbox 1815 1558 2075 1629; x_wconf 66' lang='lat' dir='ltr'><strong>antecedentibus</strong></span> 
     </span>
     <span class='ocr_line' id='line_1_12' title="bbox 210 1680 2075 1768; baseline 0.001 -20"><span class='ocrx_word' id='word_1_128' title='bbox 210 1683 417 1760; x_wconf 76' lang='lat' dir='ltr'><strong>cohaesisset,</strong></span> <span class='ocrx_word' id='word_1_129' title='bbox 448 1681 624 1768; x_wconf 84' lang='lat' dir='ltr'><strong>ignorarit,</strong></span> <span class='ocrx_word' id='word_1_130' title='bbox 656 1705 693 1746; x_wconf 94' lang='lat' dir='ltr'><strong>eo</strong></span> <span class='ocrx_word' id='word_1_131' title='bbox 717 1683 867 1759; x_wconf 90' lang='lat' dir='ltr'><strong>consilio,</strong></span> <span class='ocrx_word' id='word_1_132' title='bbox 903 1685 940 1746; x_wconf 89' lang='lat' dir='ltr'><strong>ut</strong></span> <span class='ocrx_word' id='word_1_133' title='bbox 962 1680 1012 1758; x_wconf 86' lang='lat' dir='ltr'><strong>id,</strong></span> <span class='ocrx_word' id='word_1_134' title='bbox 1043 1680 1128 1764; x_wconf 90' lang='lat' dir='ltr'><strong>quod</strong></span> <span class='ocrx_word' id='word_1_135' title='bbox 1156 1680 1191 1745; x_wconf 90' lang='lat' dir='ltr'><strong>in</strong></span> <span class='ocrx_word' id='word_1_136' title='bbox 1214 1705 1325 1748; x_wconf 88' lang='lat' dir='ltr'><strong>caussa</strong></span> <span class='ocrx_word' id='word_1_137' title='bbox 1348 1682 1469 1768; x_wconf 87' lang='lat' dir='ltr'><strong>agenda</strong></span> <span class='ocrx_word' id='word_1_138' title='bbox 1492 1682 1579 1768; x_wconf 83' lang='lat' dir='ltr'><strong>prius</strong></span> <span class='ocrx_word' id='word_1_139' title='bbox 1606 1680 1788 1748; x_wconf 82' lang='lat' dir='ltr'><strong>faciendum</strong></span> <span class='ocrx_word' id='word_1_140' title='bbox 1811 1687 1910 1760; x_wconf 89' lang='lat' dir='ltr'><strong>esset,</strong></span> <span class='ocrx_word' id='word_1_141' title='bbox 1946 1682 1980 1748; x_wconf 90' lang='lat' dir='ltr'><strong>iu</strong></span> <span class='ocrx_word' id='word_1_142' title='bbox 2003 1683 2075 1768; x_wconf 86' lang='lat' dir='ltr'><strong>lege</strong></span> 
     </span>
     <span class='ocr_line' id='line_1_13' title="bbox 210 1805 2075 1904; baseline 0.001 -35"><span class='ocrx_word' id='word_1_143' title='bbox 210 1829 334 1890; x_wconf 89' lang='lat' dir='ltr'><strong>quoque</strong></span> <span class='ocrx_word' id='word_1_144' title='bbox 362 1807 449 1893; x_wconf 90' lang='lat' dir='ltr'><strong>prius</strong></span> <span class='ocrx_word' id='word_1_145' title='bbox 476 1807 643 1890; x_wconf 85' lang='lat' dir='ltr'><strong>legeretur.</strong></span> <span class='ocrx_word' id='word_1_146' title='bbox 691 1807 754 1874; x_wconf 74' lang='lat' dir='ltr'><strong>s&#39;dv</strong></span> <span class='ocrx_word' id='word_1_147' title='bbox 781 1809 817 1874; x_wconf 73' lang='lat' dir='ltr'><strong>dd</strong></span> <span class='ocrx_word' id='word_1_148' title='bbox 837 1808 1030 1874; x_wconf 73' lang='grc' dir='ltr'><strong><em>αἰδέσασθαι</em></strong></span> <span class='ocrx_word' id='word_1_149' title='bbox 1053 1807 1108 1904; x_wconf 74' lang='grc' dir='ltr'><strong>δέῃ</strong></span> <span class='ocrx_word' id='word_1_150' title='bbox 1132 1805 1217 1890; x_wconf 89' lang='lat' dir='ltr'><strong>quod</strong></span> <span class='ocrx_word' id='word_1_151' title='bbox 1245 1828 1355 1870; x_wconf 88' lang='lat' dir='ltr'><strong>omnes</strong></span> <span class='ocrx_word' id='word_1_152' title='bbox 1383 1805 1506 1870; x_wconf 87' lang='lat' dir='ltr'><strong>codices</strong></span> <span class='ocrx_word' id='word_1_153' title='bbox 1532 1806 1701 1892; x_wconf 82' lang='lat' dir='ltr'><strong>praebent,</strong></span> <span class='ocrx_word' id='word_1_154' title='bbox 1737 1805 1812 1890; x_wconf 89' lang='lat' dir='ltr'><strong>quia</strong></span> <span class='ocrx_word' id='word_1_155' title='bbox 1837 1806 1898 1869; x_wconf 91' lang='lat' dir='ltr'><strong>hoc</strong></span> <span class='ocrx_word' id='word_1_156' title='bbox 1921 1805 2016 1870; x_wconf 92' lang='lat' dir='ltr'><strong>modo</strong></span> <span class='ocrx_word' id='word_1_157' title='bbox 2039 1805 2075 1871; x_wconf 86' lang='lat' dir='ltr'><strong>in</strong></span> 
     </span>
     <span class='ocr_line' id='line_1_14' title="bbox 210 1928 2076 2015; baseline 0.001 -23"><span class='ocrx_word' id='word_1_158' title='bbox 210 1929 358 1994; x_wconf 77' lang='lat' dir='ltr'><strong>lacunam</strong></span> <span class='ocrx_word' id='word_1_159' title='bbox 380 1928 596 2015; x_wconf 86' lang='lat' dir='ltr'><strong>inscriptionis</strong></span> <span class='ocrx_word' id='word_1_160' title='bbox 619 1929 717 1994; x_wconf 89' lang='lat' dir='ltr'><strong>inseri</strong></span> <span class='ocrx_word' id='word_1_161' title='bbox 739 1930 864 2014; x_wconf 89' lang='lat' dir='ltr'><strong>nequit,</strong></span> <span class='ocrx_word' id='word_1_162' title='bbox 896 1930 931 1994; x_wconf 89' lang='lat' dir='ltr'><strong>in</strong></span> <span class='ocrx_word' id='word_1_163' title='bbox 954 1932 1156 1996; x_wconf 70' lang='grc' dir='ltr'><strong><em>αἰδέσασθαι</em></strong></span> <span class='ocrx_word' id='word_1_164' title='bbox 1179 1931 1215 1995; x_wconf 74' lang='grc' dir='ltr'><strong>δὲ</strong></span> <span class='ocrx_word' id='word_1_165' title='bbox 1242 1928 1432 1994; x_wconf 88' lang='lat' dir='ltr'><strong>mutandum</strong></span> <span class='ocrx_word' id='word_1_166' title='bbox 1454 1934 1511 1994; x_wconf 87' lang='lat' dir='ltr'><strong>est.</strong></span> <span class='ocrx_word' id='word_1_167' title='bbox 1559 1931 1771 1996; x_wconf 64' lang='grc' dir='ltr'><strong><em>αἰδεσάσθοιν</em></strong></span> <span class='ocrx_word' id='word_1_168' title='bbox 1794 1928 1878 2012; x_wconf 90' lang='lat' dir='ltr'><strong>quod</strong></span> <span class='ocrx_word' id='word_1_169' title='bbox 1905 1928 1967 1994; x_wconf 87' lang='lat' dir='ltr'><strong>viri</strong></span> <span class='ocrx_word' id='word_1_170' title='bbox 1989 1929 2076 1994; x_wconf 86' lang='lat' dir='ltr'><strong>docti</strong></span> 
     </span>
     <span class='ocr_line' id='line_1_15' title="bbox 209 2051 2072 2140; baseline 0.001 -24"><span class='ocrx_word' id='word_1_171' title='bbox 209 2051 411 2138; x_wconf 86' lang='lat' dir='ltr'><strong>conjecerant</strong></span> <span class='ocrx_word' id='word_1_172' title='bbox 430 2052 645 2140; x_wconf 82' lang='lat' dir='ltr'><strong>inscriptione,</strong></span> <span class='ocrx_word' id='word_1_173' title='bbox 671 2075 751 2137; x_wconf 88' lang='lat' dir='ltr'><strong>quae</strong></span> <span class='ocrx_word' id='word_1_174' title='bbox 767 2053 913 2118; x_wconf 89' lang='lat' dir='ltr'><strong>codicum</strong></span> <span class='ocrx_word' id='word_1_175' title='bbox 932 2052 1103 2119; x_wconf 87' lang='lat' dir='ltr'><strong>lectionem</strong></span> <span class='ocrx_word' id='word_1_176' title='bbox 1125 2055 1283 2131; x_wconf 70' lang='grc' dir='ltr'><strong><em>ἐσέσθων,</em></strong></span> <span class='ocrx_word' id='word_1_177' title='bbox 1308 2052 1392 2137; x_wconf 90' lang='lat' dir='ltr'><strong>quod</strong></span> <span class='ocrx_word' id='word_1_178' title='bbox 1408 2058 1456 2118; x_wconf 91' lang='lat' dir='ltr'><strong>est</strong></span> <span class='ocrx_word' id='word_1_179' title='bbox 1480 2052 1686 2131; x_wconf 72' lang='lat' dir='ltr'><strong>„immittant</strong></span> <span class='ocrx_word' id='word_1_180' title='bbox 1710 2051 1849 2116; x_wconf 86' lang='lat' dir='ltr'><strong>reditum</strong></span> <span class='ocrx_word' id='word_1_181' title='bbox 1865 2053 2072 2132; x_wconf 78' lang='lat' dir='ltr'><strong>concedent‘,</strong></span> 
     </span>
     <span class='ocr_line' id='line_1_16' title="bbox 209 2175 2074 2262; baseline 0.001 -23"><span class='ocrx_word' id='word_1_182' title='bbox 209 2181 323 2254; x_wconf 82' lang='lat' dir='ltr'><strong>serrat,</strong></span> <span class='ocrx_word' id='word_1_183' title='bbox 353 2175 517 2240; x_wconf 85' lang='lat' dir='ltr'><strong>refutatur.</strong></span> <span class='ocrx_word' id='word_1_184' title='bbox 564 2176 629 2240; x_wconf 90' lang='lat' dir='ltr'><strong>Pro</strong></span> <span class='ocrx_word' id='word_1_185' title='bbox 652 2180 775 2254; x_wconf 79' lang='grc' dir='ltr'><strong><em>τούτοις</em></strong></span> <span class='ocrx_word' id='word_1_186' title='bbox 799 2177 1014 2262; x_wconf 88' lang='lat' dir='ltr'><strong>conjecturam</strong></span> <span class='ocrx_word' id='word_1_187' title='bbox 1036 2175 1162 2241; x_wconf 86' lang='lat' dir='ltr'><strong>Reiskii</strong></span> <span class='ocrx_word' id='word_1_188' title='bbox 1186 2179 1317 2253; x_wconf 76' lang='grc' dir='ltr'><strong><em>τούτους</em></strong></span> <span class='ocrx_word' id='word_1_189' title='bbox 1340 2175 1375 2239; x_wconf 89' lang='lat' dir='ltr'><strong>in</strong></span> <span class='ocrx_word' id='word_1_190' title='bbox 1397 2177 1502 2262; x_wconf 86' lang='lat' dir='ltr'><strong>legem</strong></span> <span class='ocrx_word' id='word_1_191' title='bbox 1525 2175 1674 2262; x_wconf 84' lang='lat' dir='ltr'><strong>recipere,</strong></span> <span class='ocrx_word' id='word_1_192' title='bbox 1705 2199 1779 2240; x_wconf 92' lang='lat' dir='ltr'><strong>cum</strong></span> <span class='ocrx_word' id='word_1_193' title='bbox 1801 2175 1966 2262; x_wconf 83' lang='lat' dir='ltr'><strong>inscriptio</strong></span> <span class='ocrx_word' id='word_1_194' title='bbox 1990 2199 2074 2242; x_wconf 89' lang='lat' dir='ltr'><strong>com·</strong></span> 
     </span>
     <span class='ocr_line' id='line_1_17' title="bbox 210 2297 2075 2387; baseline 0.004 -24"><span class='ocrx_word' id='word_1_195' title='bbox 210 2297 355 2378; x_wconf 90' lang='lat' dir='ltr'><strong>mendat,</strong></span> <span class='ocrx_word' id='word_1_196' title='bbox 392 2304 461 2364; x_wconf 91' lang='lat' dir='ltr'><strong>tum</strong></span> <span class='ocrx_word' id='word_1_197' title='bbox 489 2298 633 2386; x_wconf 89' lang='lat' dir='ltr'><strong>Philippi</strong></span> <span class='ocrx_word' id='word_1_198' title='bbox 661 2300 682 2364; x_wconf 88' lang='lat' dir='ltr'><strong>l.</strong></span> <span class='ocrx_word' id='word_1_199' title='bbox 708 2323 732 2364; x_wconf 91' lang='lat' dir='ltr'><strong>c.</strong></span> <span class='ocrx_word' id='word_1_200' title='bbox 763 2323 834 2387; x_wconf 84' lang='lat' dir='ltr'><strong>pag.</strong></span> <span class='ocrx_word' id='word_1_201' title='bbox 860 2301 925 2365; x_wconf 81' lang='lat'><strong>604</strong></span> <span class='ocrx_word' id='word_1_202' title='bbox 955 2301 1075 2387; x_wconf 88' lang='lat' dir='ltr'><strong>probat.</strong></span> <span class='ocrx_word' id='word_1_203' title='bbox 1133 2299 1174 2363; x_wconf 92' lang='lat' dir='ltr'><strong>In</strong></span> <span class='ocrx_word' id='word_1_204' title='bbox 1200 2299 1387 2386; x_wconf 88' lang='lat' dir='ltr'><strong>propinquis</strong></span> <span class='ocrx_word' id='word_1_205' title='bbox 1409 2299 1449 2366; x_wconf 90' lang='lat' dir='ltr'><strong>iis</strong></span> <span class='ocrx_word' id='word_1_206' title='bbox 1473 2299 1713 2377; x_wconf 82' lang='lat' dir='ltr'><strong>enumerandis,</strong></span> <span class='ocrx_word' id='word_1_207' title='bbox 1748 2299 1862 2385; x_wconf 88' lang='lat' dir='ltr'><strong>quibus</strong></span> <span class='ocrx_word' id='word_1_208' title='bbox 1885 2301 2075 2370; x_wconf 76' lang='grc' dir='ltr'><strong><em>συνδιώκειν</em></strong></span> 
     </span>
    </p>
   </div>
   <div class='ocr_carea' id='block_1_3' title="bbox 209 2421 2075 2520">
    <p class='ocr_par' dir='ltr' id='par_1_4' title="bbox 209 2421 2075 2520">
     <span class='ocr_line' id='line_1_18' title="bbox 209 2421 2075 2520; baseline 0.002 -32"><span class='ocrx_word' id='word_1_209' title='bbox 209 2423 422 2510; x_wconf 87' lang='lat' dir='ltr'><strong>praecipitur,</strong></span> <span class='ocrx_word' id='word_1_210' title='bbox 466 2423 501 2487; x_wconf 90' lang='lat' dir='ltr'><strong>in</strong></span> <span class='ocrx_word' id='word_1_211' title='bbox 540 2422 700 2489; x_wconf 90' lang='lat' dir='ltr'><strong>codicibus</strong></span> <span class='ocrx_word' id='word_1_212' title='bbox 739 2423 815 2488; x_wconf 90' lang='lat' dir='ltr'><strong>ordo</strong></span> <span class='ocrx_word' id='word_1_213' title='bbox 855 2421 1005 2488; x_wconf 88' lang='lat' dir='ltr'><strong>confusus</strong></span> <span class='ocrx_word' id='word_1_214' title='bbox 1043 2429 1099 2488; x_wconf 86' lang='lat' dir='ltr'><strong>est.</strong></span> <span class='ocrx_word' id='word_1_215' title='bbox 1169 2421 1265 2488; x_wconf 78' lang='lat' dir='ltr'><strong>Oerto</strong></span> <span class='ocrx_word' id='word_1_216' title='bbox 1306 2423 1400 2488; x_wconf 84' lang='lat' dir='ltr'><strong>lectio</strong></span> <span class='ocrx_word' id='word_1_217' title='bbox 1438 2421 1485 2488; x_wconf 89' lang='lat' dir='ltr'><strong>rei</strong></span> <span class='ocrx_word' id='word_1_218' title='bbox 1522 2429 1637 2486; x_wconf 88' lang='lat' dir='ltr'><strong>natura</strong></span> <span class='ocrx_word' id='word_1_219' title='bbox 1660 2423 1853 2520; x_wconf 25' lang='lat' dir='ltr'><strong>&#39;desiderata</strong></span> <span class='ocrx_word' id='word_1_220' title='bbox 1890 2429 1922 2488; x_wconf 89' lang='lat' dir='ltr'><strong>et</strong></span> <span class='ocrx_word' id='word_1_221' title='bbox 1959 2423 2075 2491; x_wconf 89' lang='lat' dir='ltr'><strong>litteris</strong></span> 
     </span>
    </p>
   </div>
   <div class='ocr_carea' id='block_1_4' title="bbox 208 2544 2078 4853">
    <p class='ocr_par' dir='ltr' id='par_1_5' title="bbox 208 2544 2078 4853">
     <span class='ocr_line' id='line_1_19' title="bbox 209 2544 2075 2640; baseline 0.001 -30"><span class='ocrx_word' id='word_1_222' title='bbox 209 2545 426 2634; x_wconf 86' lang='lat' dir='ltr'><strong>inscriptionis</strong></span> <span class='ocrx_word' id='word_1_223' title='bbox 460 2569 540 2632; x_wconf 90' lang='lat' dir='ltr'><strong>quae</strong></span> <span class='ocrx_word' id='word_1_224' title='bbox 574 2553 744 2634; x_wconf 86' lang='lat' dir='ltr'><strong>supersunt</strong></span> <span class='ocrx_word' id='word_1_225' title='bbox 775 2548 907 2633; x_wconf 86' lang='lat' dir='ltr'><strong>probata</strong></span> <span class='ocrx_word' id='word_1_226' title='bbox 939 2550 1128 2616; x_wconf 71' lang='grc' dir='ltr'><strong><em>συνδιώκειν</em></strong></span> <span class='ocrx_word' id='word_1_227' title='bbox 1161 2549 1197 2614; x_wconf 73' lang='grc' dir='ltr'><strong>δὲ</strong></span> <span class='ocrx_word' id='word_1_228' title='bbox 1228 2558 1285 2612; x_wconf 72' lang='grc' dir='ltr'><strong>καὶ</strong></span> <span class='ocrx_word' id='word_1_229' title='bbox 1318 2545 1479 2640; x_wconf 79' lang='grc' dir='ltr'><strong><em>οἷνεψιούς</em></strong></span> <span class='ocrx_word' id='word_1_230' title='bbox 1511 2559 1568 2614; x_wconf 70' lang='grc' dir='ltr'><strong>καὶ</strong></span> <span class='ocrx_word' id='word_1_231' title='bbox 1601 2544 1755 2639; x_wconf 74' lang='grc' dir='ltr'><strong><em>α’νὲψιοῖν</em></strong></span> <span class='ocrx_word' id='word_1_232' title='bbox 1787 2549 1911 2624; x_wconf 76' lang='grc' dir='ltr'><strong><em>παῖδας</em></strong></span> <span class='ocrx_word' id='word_1_233' title='bbox 1947 2553 2006 2612; x_wconf 86' lang='lat' dir='ltr'><strong>etc.</strong></span> <span class='ocrx_word' id='word_1_234' title='bbox 2039 2547 2075 2612; x_wconf 92' lang='lat' dir='ltr'><strong>in</strong></span> 
     </span>
     <span class='ocr_line' id='line_1_20' title="bbox 209 2669 2074 2757; baseline 0 -22"><span class='ocrx_word' id='word_1_235' title='bbox 209 2672 314 2756; x_wconf 88' lang='lat' dir='ltr'><strong>legem</strong></span> <span class='ocrx_word' id='word_1_236' title='bbox 338 2670 520 2756; x_wconf 87' lang='lat' dir='ltr'><strong>recipienda</strong></span> <span class='ocrx_word' id='word_1_237' title='bbox 543 2676 598 2734; x_wconf 86' lang='lat' dir='ltr'><strong>est.</strong></span> <span class='ocrx_word' id='word_1_238' title='bbox 624 2709 666 2716; x_wconf 93' lang='lat'><strong>—-</strong></span> <span class='ocrx_word' id='word_1_239' title='bbox 690 2670 761 2734; x_wconf 90' lang='lat' dir='ltr'><strong>Iam</strong></span> <span class='ocrx_word' id='word_1_240' title='bbox 783 2671 823 2735; x_wconf 89' lang='lat' dir='ltr'><strong>ad</strong></span> <span class='ocrx_word' id='word_1_241' title='bbox 847 2670 926 2756; x_wconf 85' lang='lat' dir='ltr'><strong>legis</strong></span> <span class='ocrx_word' id='word_1_242' title='bbox 947 2670 1245 2757; x_wconf 83' lang='lat' dir='ltr'><strong>interpretationem</strong></span> <span class='ocrx_word' id='word_1_243' title='bbox 1268 2669 1459 2756; x_wconf 89' lang='lat' dir='ltr'><strong>progrediar.</strong></span> <span class='ocrx_word' id='word_1_244' title='bbox 1507 2671 1578 2735; x_wconf 84' lang='lat' dir='ltr'><strong>Lex</strong></span> <span class='ocrx_word' id='word_1_245' title='bbox 1596 2669 1663 2756; x_wconf 86' lang='lat' dir='ltr'><strong>agit</strong></span> <span class='ocrx_word' id='word_1_246' title='bbox 1682 2669 1721 2732; x_wconf 87' lang='lat' dir='ltr'><strong>de</strong></span> <span class='ocrx_word' id='word_1_247' title='bbox 1741 2669 1836 2734; x_wconf 88' lang='lat' dir='ltr'><strong>caede</strong></span> <span class='ocrx_word' id='word_1_248' title='bbox 1859 2669 2074 2736; x_wconf 86' lang='lat' dir='ltr'><strong>involuntarie</strong></span> 
     </span>
     <span class='ocr_line' id='line_1_21' title="bbox 210 2791 2075 2881; baseline 0.002 -22"><span class='ocrx_word' id='word_1_249' title='bbox 210 2794 387 2872; x_wconf 88' lang='lat' dir='ltr'><strong>commissa,</strong></span> <span class='ocrx_word' id='word_1_250' title='bbox 413 2794 502 2880; x_wconf 90' lang='lat' dir='ltr'><strong>cujus</strong></span> <span class='ocrx_word' id='word_1_251' title='bbox 525 2793 665 2858; x_wconf 85' lang='lat' dir='ltr'><strong>tribunal</strong></span> <span class='ocrx_word' id='word_1_252' title='bbox 688 2799 755 2858; x_wconf 87' lang='lat' dir='ltr'><strong>erat</strong></span> <span class='ocrx_word' id='word_1_253' title='bbox 777 2795 862 2881; x_wconf 89' lang='lat' dir='ltr'><strong>apud</strong></span> <span class='ocrx_word' id='word_1_254' title='bbox 885 2794 1077 2859; x_wconf 85' lang='lat' dir='ltr'><strong>Palladium.</strong></span> <span class='ocrx_word' id='word_1_255' title='bbox 1124 2794 1235 2858; x_wconf 89' lang='lat' dir='ltr'><strong>Poena</strong></span> <span class='ocrx_word' id='word_1_256' title='bbox 1258 2800 1326 2859; x_wconf 87' lang='lat' dir='ltr'><strong>erat</strong></span> <span class='ocrx_word' id='word_1_257' title='bbox 1348 2794 1479 2858; x_wconf 88' lang='lat' dir='ltr'><strong>exilium</strong></span> <span class='ocrx_word' id='word_1_258' title='bbox 1503 2791 1791 2879; x_wconf 76' lang='grc' dir='ltr'><strong><em>(α’πινιαυτισμός)</em></strong></span> <span class='ocrx_word' id='word_1_259' title='bbox 1815 2793 1974 2860; x_wconf 88' lang='lat' dir='ltr'><strong>nescimus</strong></span> <span class='ocrx_word' id='word_1_260' title='bbox 1997 2802 2075 2880; x_wconf 87' lang='lat' dir='ltr'><strong>quot</strong></span> 
     </span>
     <span class='ocr_line' id='line_1_22' title="bbox 210 2915 2072 3003; baseline 0.001 -20"><span class='ocrx_word' id='word_1_261' title='bbox 210 2941 367 2983; x_wconf 85' lang='lat' dir='ltr'><strong>annorum</strong></span> <span class='ocrx_word' id='word_1_262' title='bbox 395 2916 447 2996; x_wconf 83' lang='lat' dir='ltr'><strong>(cf.</strong></span> <span class='ocrx_word' id='word_1_263' title='bbox 471 2917 639 2982; x_wconf 89' lang='lat' dir='ltr'><strong>Demosth.</strong></span> <span class='ocrx_word' id='word_1_264' title='bbox 664 2915 818 2982; x_wconf 83' lang='lat' dir='ltr'><strong>Aristocr.</strong></span> <span class='ocrx_word' id='word_1_265' title='bbox 843 2921 863 2997; x_wconf 65' lang='grc' dir='ltr'><strong>ξ</strong></span> <span class='ocrx_word' id='word_1_266' title='bbox 887 2920 925 2982; x_wconf 78' lang='grc'><strong>71</strong></span> <span class='ocrx_word' id='word_1_267' title='bbox 953 2923 986 2982; x_wconf 89' lang='lat' dir='ltr'><strong>et</strong></span> <span class='ocrx_word' id='word_1_268' title='bbox 1013 2920 1068 2996; x_wconf 76' lang='lat'><strong>72,</strong></span> <span class='ocrx_word' id='word_1_269' title='bbox 1100 2919 1278 3000; x_wconf 74' lang='lat' dir='ltr'><strong>Hermann,</strong></span> <span class='ocrx_word' id='word_1_270' title='bbox 1304 2916 1537 2983; x_wconf 84' lang='lat' dir='ltr'><strong>Staatsalterth.</strong></span> <span class='ocrx_word' id='word_1_271' title='bbox 1561 2921 1582 2997; x_wconf 63' lang='grc' dir='ltr'>ξ</span> <span class='ocrx_word' id='word_1_272' title='bbox 1607 2917 1683 2995; x_wconf 84' lang='grc'>104,</span> <span class='ocrx_word' id='word_1_273' title='bbox 1716 2915 1926 2996; x_wconf 80' lang='lat' dir='ltr'><strong>Schtemann,</strong></span> <span class='ocrx_word' id='word_1_274' title='bbox 1955 2918 2072 3003; x_wconf 83' lang='lat' dir='ltr'><strong>griech.</strong></span> 
     </span>
     <span class='ocr_line' id='line_1_23' title="bbox 211 3038 2074 3128; baseline 0.001 -22"><span class='ocrx_word' id='word_1_275' title='bbox 211 3041 388 3106; x_wconf 82' lang='lat' dir='ltr'><strong>Alterth.I</strong></span> <span class='ocrx_word' id='word_1_276' title='bbox 411 3064 482 3128; x_wconf 85' lang='lat' dir='ltr'><strong>pag.</strong></span> <span class='ocrx_word' id='word_1_277' title='bbox 500 3041 587 3122; x_wconf 77' lang='lat'><strong>473).</strong></span> <span class='ocrx_word' id='word_1_278' title='bbox 634 3039 770 3105; x_wconf 91' lang='lat' dir='ltr'><strong>Initium</strong></span> <span class='ocrx_word' id='word_1_279' title='bbox 792 3041 887 3128; x_wconf 89' lang='lat' dir='ltr'><strong>hujus</strong></span> <span class='ocrx_word' id='word_1_280' title='bbox 910 3040 991 3126; x_wconf 89' lang='lat' dir='ltr'><strong>legis</strong></span> <span class='ocrx_word' id='word_1_281' title='bbox 1013 3040 1219 3128; x_wconf 88' lang='lat' dir='ltr'><strong>inscriptione</strong></span> <span class='ocrx_word' id='word_1_282' title='bbox 1243 3047 1368 3104; x_wconf 83' lang='lat' dir='ltr'><strong>tentum</strong></span> <span class='ocrx_word' id='word_1_283' title='bbox 1391 3044 1551 3105; x_wconf 72' lang='lat' dir='ltr'><strong>serratum</strong></span> <span class='ocrx_word' id='word_1_284' title='bbox 1570 3040 1700 3126; x_wconf 86' lang='lat' dir='ltr'><strong>ephetes</strong></span> <span class='ocrx_word' id='word_1_285' title='bbox 1723 3038 1758 3104; x_wconf 89' lang='lat' dir='ltr'><strong>in</strong></span> <span class='ocrx_word' id='word_1_286' title='bbox 1779 3039 1934 3126; x_wconf 89' lang='lat' dir='ltr'><strong>ejusmodi</strong></span> <span class='ocrx_word' id='word_1_287' title='bbox 1955 3042 2074 3108; x_wconf 88' lang='lat' dir='ltr'><strong>caussis</strong></span> 
     </span>
     <span class='ocr_line' id='line_1_24' title="bbox 208 3162 2075 3252; baseline 0.001 -23"><span class='ocrx_word' id='word_1_288' title='bbox 208 3164 361 3252; x_wconf 88' lang='lat' dir='ltr'><strong>judicare,</strong></span> <span class='ocrx_word' id='word_1_289' title='bbox 385 3187 531 3251; x_wconf 88' lang='lat' dir='ltr'><strong>praeesse</strong></span> <span class='ocrx_word' id='word_1_290' title='bbox 555 3170 660 3228; x_wconf 88' lang='lat' dir='ltr'><strong>autem</strong></span> <span class='ocrx_word' id='word_1_291' title='bbox 681 3163 802 3251; x_wconf 89' lang='lat' dir='ltr'><strong>judicio</strong></span> <span class='ocrx_word' id='word_1_292' title='bbox 825 3187 933 3249; x_wconf 89' lang='lat' dir='ltr'><strong>regem</strong></span> <span class='ocrx_word' id='word_1_293' title='bbox 956 3187 1117 3228; x_wconf 87' lang='lat' dir='ltr'><strong>sacrorum</strong></span> <span class='ocrx_word' id='word_1_294' title='bbox 1137 3165 1237 3251; x_wconf 87' lang='lat' dir='ltr'><strong>jubet.</strong></span> <span class='ocrx_word' id='word_1_295' title='bbox 1283 3164 1325 3227; x_wconf 92' lang='lat' dir='ltr'><strong>In</strong></span> <span class='ocrx_word' id='word_1_296' title='bbox 1346 3185 1383 3227; x_wconf 92' lang='lat' dir='ltr'><strong>eo</strong></span> <span class='ocrx_word' id='word_1_297' title='bbox 1407 3168 1522 3242; x_wconf 87' lang='lat' dir='ltr'><strong>autem,</strong></span> <span class='ocrx_word' id='word_1_298' title='bbox 1547 3163 1633 3248; x_wconf 87' lang='lat' dir='ltr'><strong>quod</strong></span> <span class='ocrx_word' id='word_1_299' title='bbox 1654 3162 1861 3250; x_wconf 89' lang='lat' dir='ltr'><strong>inscriptione</strong></span> <span class='ocrx_word' id='word_1_300' title='bbox 1882 3171 1914 3228; x_wconf 88' lang='lat' dir='ltr'><strong>et</strong></span> <span class='ocrx_word' id='word_1_301' title='bbox 1936 3162 2075 3231; x_wconf 85' lang='lat' dir='ltr'><strong>formula</strong></span> 
     </span>
     <span class='ocr_line' id='line_1_25' title="bbox 211 3284 2075 3373; baseline 0.002 -20"><span class='ocrx_word' id='word_1_302' title='bbox 211 3287 348 3353; x_wconf 91' lang='lat' dir='ltr'><strong>crationi</strong></span> <span class='ocrx_word' id='word_1_303' title='bbox 375 3286 494 3352; x_wconf 87' lang='lat' dir='ltr'><strong>inserta</strong></span> <span class='ocrx_word' id='word_1_304' title='bbox 523 3285 676 3351; x_wconf 83' lang='lat' dir='ltr'><strong>traditum</strong></span> <span class='ocrx_word' id='word_1_305' title='bbox 700 3291 764 3363; x_wconf 90' lang='lat' dir='ltr'><strong>est,</strong></span> <span class='ocrx_word' id='word_1_306' title='bbox 800 3284 1008 3372; x_wconf 88' lang='lat' dir='ltr'><strong>praecipitur,</strong></span> <span class='ocrx_word' id='word_1_307' title='bbox 1043 3292 1095 3364; x_wconf 90' lang='lat' dir='ltr'><strong>ut,</strong></span> <span class='ocrx_word' id='word_1_308' title='bbox 1131 3287 1158 3352; x_wconf 90' lang='lat' dir='ltr'><strong>si</strong></span> <span class='ocrx_word' id='word_1_309' title='bbox 1188 3287 1222 3351; x_wconf 89' lang='lat' dir='ltr'><strong>in</strong></span> <span class='ocrx_word' id='word_1_310' title='bbox 1249 3287 1384 3373; x_wconf 83' lang='lat' dir='ltr'><strong>gratiam</strong></span> <span class='ocrx_word' id='word_1_311' title='bbox 1407 3311 1479 3351; x_wconf 91' lang='lat' dir='ltr'><strong>eum</strong></span> <span class='ocrx_word' id='word_1_312' title='bbox 1506 3285 1707 3352; x_wconf 70' lang='lat' dir='ltr'><strong>interfectore</strong></span> <span class='ocrx_word' id='word_1_313' title='bbox 1734 3285 1933 3350; x_wconf 89' lang='lat' dir='ltr'><strong>redeundum</strong></span> <span class='ocrx_word' id='word_1_314' title='bbox 1956 3287 2013 3366; x_wconf 88' lang='lat' dir='ltr'><strong>sit,</strong></span> <span class='ocrx_word' id='word_1_315' title='bbox 2047 3288 2075 3356; x_wconf 85' lang='lat' dir='ltr'><strong>si</strong></span> 
     </span>
     <span class='ocr_line' id='line_1_26' title="bbox 210 3408 2076 3498; baseline 0.001 -22"><span class='ocrx_word' id='word_1_316' title='bbox 210 3417 300 3498; x_wconf 88' lang='lat' dir='ltr'><strong>pater</strong></span> <span class='ocrx_word' id='word_1_317' title='bbox 323 3415 482 3498; x_wconf 89' lang='lat' dir='ltr'><strong>superstes</strong></span> <span class='ocrx_word' id='word_1_318' title='bbox 505 3410 547 3476; x_wconf 89' lang='lat' dir='ltr'><strong>sit</strong></span> <span class='ocrx_word' id='word_1_319' title='bbox 570 3415 625 3475; x_wconf 91' lang='lat' dir='ltr'><strong>aut</strong></span> <span class='ocrx_word' id='word_1_320' title='bbox 647 3408 745 3474; x_wconf 84' lang='lat' dir='ltr'><strong>frater</strong></span> <span class='ocrx_word' id='word_1_321' title='bbox 768 3413 823 3473; x_wconf 91' lang='lat' dir='ltr'><strong>aut</strong></span> <span class='ocrx_word' id='word_1_322' title='bbox 846 3409 905 3474; x_wconf 88' lang='lat' dir='ltr'><strong>filii</strong></span> <span class='ocrx_word' id='word_1_323' title='bbox 927 3409 1066 3474; x_wconf 91' lang='lat' dir='ltr'><strong>hominis</strong></span> <span class='ocrx_word' id='word_1_324' title='bbox 1088 3409 1248 3475; x_wconf 81' lang='lat' dir='ltr'><strong>interlecti</strong></span> <span class='ocrx_word' id='word_1_325' title='bbox 1268 3433 1378 3475; x_wconf 90' lang='lat' dir='ltr'><strong>omnes</strong></span> <span class='ocrx_word' id='word_1_326' title='bbox 1405 3411 1533 3476; x_wconf 84' lang='lat' dir='ltr'><strong>reniam</strong></span> <span class='ocrx_word' id='word_1_327' title='bbox 1560 3410 1637 3475; x_wconf 91' lang='lat' dir='ltr'><strong>dent</strong></span> <span class='ocrx_word' id='word_1_328' title='bbox 1660 3414 1715 3473; x_wconf 88' lang='lat' dir='ltr'><strong>aut</strong></span> <span class='ocrx_word' id='word_1_329' title='bbox 1740 3409 1808 3496; x_wconf 89' lang='lat' dir='ltr'><strong>ejus</strong></span> <span class='ocrx_word' id='word_1_330' title='bbox 1831 3408 1887 3493; x_wconf 91' lang='lat' dir='ltr'><strong>qui</strong></span> <span class='ocrx_word' id='word_1_331' title='bbox 1909 3409 2076 3496; x_wconf 85' lang='lat' dir='ltr'><strong>prohibeat</strong></span> 
     </span>
     <span class='ocr_line' id='line_1_27' title="bbox 209 3531 2074 3618; baseline 0 -19"><span class='ocrx_word' id='word_1_332' title='bbox 209 3535 316 3599; x_wconf 80' lang='lat' dir='ltr'><strong>valeat</strong></span> <span class='ocrx_word' id='word_1_333' title='bbox 344 3533 522 3599; x_wconf 89' lang='lat' dir='ltr'><strong>auctoritas.</strong></span> <span class='ocrx_word' id='word_1_334' title='bbox 581 3533 618 3599; x_wconf 86' lang='lat' dir='ltr'><strong>Si</strong></span> <span class='ocrx_word' id='word_1_335' title='bbox 647 3535 761 3598; x_wconf 89' lang='lat' dir='ltr'><strong>horum</strong></span> <span class='ocrx_word' id='word_1_336' title='bbox 790 3554 885 3596; x_wconf 89' lang='lat' dir='ltr'><strong>nemo</strong></span> <span class='ocrx_word' id='word_1_337' title='bbox 915 3531 972 3611; x_wconf 86' lang='lat' dir='ltr'><strong>sit,</strong></span> <span class='ocrx_word' id='word_1_338' title='bbox 1009 3533 1138 3597; x_wconf 89' lang='lat' dir='ltr'><strong>caedem</strong></span> <span class='ocrx_word' id='word_1_339' title='bbox 1166 3539 1274 3598; x_wconf 86' lang='lat' dir='ltr'><strong>autem</strong></span> <span class='ocrx_word' id='word_1_340' title='bbox 1299 3533 1399 3598; x_wconf 80' lang='lat' dir='ltr'><strong>invite</strong></span> <span class='ocrx_word' id='word_1_341' title='bbox 1426 3532 1543 3599; x_wconf 81' lang='lat' dir='ltr'><strong>factam</strong></span> <span class='ocrx_word' id='word_1_342' title='bbox 1566 3556 1634 3599; x_wconf 89' lang='lat' dir='ltr'><strong>esse</strong></span> <span class='ocrx_word' id='word_1_343' title='bbox 1660 3532 1710 3598; x_wconf 92' lang='lat' dir='ltr'><strong>illi</strong></span> <span class='ocrx_word' id='word_1_344' title='bbox 1733 3532 1965 3618; x_wconf 87' lang='lat' dir='ltr'><strong>quinquaginta</strong></span> <span class='ocrx_word' id='word_1_345' title='bbox 1991 3557 2074 3600; x_wconf 88' lang='lat' dir='ltr'><strong>unus</strong></span> 
     </span>
     <span class='ocr_line' id='line_1_28' title="bbox 211 3653 2074 3745; baseline -0.001 -22"><span class='ocrx_word' id='word_1_346' title='bbox 211 3657 344 3745; x_wconf 87' lang='lat' dir='ltr'><strong>ephetae</strong></span> <span class='ocrx_word' id='word_1_347' title='bbox 365 3655 587 3742; x_wconf 85' lang='lat' dir='ltr'><strong>judicaverint,</strong></span> <span class='ocrx_word' id='word_1_348' title='bbox 613 3657 724 3722; x_wconf 90' lang='lat' dir='ltr'><strong>decem</strong></span> <span class='ocrx_word' id='word_1_349' title='bbox 746 3657 922 3744; x_wconf 88' lang='lat' dir='ltr'><strong>phratores,</strong></span> <span class='ocrx_word' id='word_1_350' title='bbox 951 3678 1030 3741; x_wconf 91' lang='lat' dir='ltr'><strong>quos</strong></span> <span class='ocrx_word' id='word_1_351' title='bbox 1053 3653 1284 3742; x_wconf 87' lang='lat' dir='ltr'><strong>quinquaginta</strong></span> <span class='ocrx_word' id='word_1_352' title='bbox 1306 3678 1388 3722; x_wconf 90' lang='lat' dir='ltr'><strong>unns</strong></span> <span class='ocrx_word' id='word_1_353' title='bbox 1413 3681 1429 3721; x_wconf 94' lang='lat' dir='ltr'><strong>e</strong></span> <span class='ocrx_word' id='word_1_354' title='bbox 1452 3656 1659 3721; x_wconf 75' lang='lat' dir='ltr'><strong>nobilissimis</strong></span> <span class='ocrx_word' id='word_1_355' title='bbox 1683 3656 1812 3741; x_wconf 87' lang='lat' dir='ltr'><strong>eligant,</strong></span> <span class='ocrx_word' id='word_1_356' title='bbox 1837 3655 1964 3719; x_wconf 88' lang='lat' dir='ltr'><strong>veniam</strong></span> <span class='ocrx_word' id='word_1_357' title='bbox 1988 3657 2074 3736; x_wconf 89' lang='lat' dir='ltr'><strong>dant,</strong></span> 
     </span>
     <span class='ocr_line' id='line_1_29' title="bbox 210 3778 2075 3866; baseline -0.001 -19"><span class='ocrx_word' id='word_1_358' title='bbox 210 3781 239 3847; x_wconf 91' lang='lat' dir='ltr'><strong>si</strong></span> <span class='ocrx_word' id='word_1_359' title='bbox 261 3780 371 3846; x_wconf 86' lang='lat' dir='ltr'><strong>velint.</strong></span> <span class='ocrx_word' id='word_1_360' title='bbox 418 3779 507 3862; x_wconf 86' lang='lat' dir='ltr'><strong>Lege</strong></span> <span class='ocrx_word' id='word_1_361' title='bbox 531 3783 638 3844; x_wconf 88' lang='lat' dir='ltr'><strong>autem</strong></span> <span class='ocrx_word' id='word_1_362' title='bbox 661 3780 758 3843; x_wconf 89' lang='lat' dir='ltr'><strong>etiam</strong></span> <span class='ocrx_word' id='word_1_363' title='bbox 781 3780 819 3858; x_wconf 86' lang='lat' dir='ltr'><strong>ei,</strong></span> <span class='ocrx_word' id='word_1_364' title='bbox 849 3780 904 3865; x_wconf 89' lang='lat' dir='ltr'><strong>qui</strong></span> <span class='ocrx_word' id='word_1_365' title='bbox 926 3779 1015 3866; x_wconf 91' lang='lat' dir='ltr'><strong>prius</strong></span> <span class='ocrx_word' id='word_1_366' title='bbox 1039 3780 1168 3845; x_wconf 89' lang='lat' dir='ltr'><strong>caedem</strong></span> <span class='ocrx_word' id='word_1_367' title='bbox 1191 3778 1420 3858; x_wconf 89' lang='lat' dir='ltr'><strong>commiserint,</strong></span> <span class='ocrx_word' id='word_1_368' title='bbox 1452 3785 1629 3844; x_wconf 87' lang='lat' dir='ltr'><strong>teneantur.</strong></span> <span class='ocrx_word' id='word_1_369' title='bbox 1684 3778 1823 3864; x_wconf 83' lang='lat' dir='ltr'><strong>Agnetis</strong></span> <span class='ocrx_word' id='word_1_370' title='bbox 1853 3778 1952 3865; x_wconf 84' lang='lat' dir='ltr'><strong>igitur</strong></span> <span class='ocrx_word' id='word_1_371' title='bbox 1979 3780 2075 3866; x_wconf 90' lang='lat' dir='ltr'><strong>primi</strong></span> 
     </span>
     <span class='ocr_line' id='line_1_30' title="bbox 211 3901 2074 3989; baseline -0.002 -18"><span class='ocrx_word' id='word_1_372' title='bbox 211 3911 245 3971; x_wconf 86' lang='lat' dir='ltr'><strong>et</strong></span> <span class='ocrx_word' id='word_1_373' title='bbox 271 3902 403 3970; x_wconf 88' lang='lat' dir='ltr'><strong>secundi</strong></span> <span class='ocrx_word' id='word_1_374' title='bbox 433 3901 548 3986; x_wconf 84' lang='lat' dir='ltr'><strong>gradus</strong></span> <span class='ocrx_word' id='word_1_375' title='bbox 577 3906 609 3967; x_wconf 88' lang='lat' dir='ltr'><strong>et</strong></span> <span class='ocrx_word' id='word_1_376' title='bbox 635 3901 662 3966; x_wconf 90' lang='lat' dir='ltr'><strong>si</strong></span> <span class='ocrx_word' id='word_1_377' title='bbox 689 3902 720 3966; x_wconf 86' lang='lat' dir='ltr'><strong>ei</strong></span> <span class='ocrx_word' id='word_1_378' title='bbox 747 3925 811 3966; x_wconf 92' lang='lat' dir='ltr'><strong>non</strong></span> <span class='ocrx_word' id='word_1_379' title='bbox 841 3903 953 3968; x_wconf 84' lang='lat' dir='ltr'><strong>vivant</strong></span> <span class='ocrx_word' id='word_1_380' title='bbox 978 3903 1180 3989; x_wconf 87' lang='lat' dir='ltr'><strong>phratoribus</strong></span> <span class='ocrx_word' id='word_1_381' title='bbox 1209 3905 1330 3980; x_wconf 72' lang='grc' dir='ltr'><strong><em>αἰδεσις</em></strong></span> <span class='ocrx_word' id='word_1_382' title='bbox 1365 3901 1513 3966; x_wconf 85' lang='lat' dir='ltr'><strong>defertur.</strong></span> <span class='ocrx_word' id='word_1_383' title='bbox 1571 3903 1695 3966; x_wconf 84' lang='lat' dir='ltr'><strong>Eorum</strong></span> <span class='ocrx_word' id='word_1_384' title='bbox 1724 3909 1832 3968; x_wconf 89' lang='lat' dir='ltr'><strong>autem</strong></span> <span class='ocrx_word' id='word_1_385' title='bbox 1858 3909 2074 3988; x_wconf 89' lang='lat' dir='ltr'><strong>cognatorum,</strong></span> 
     </span>
     <span class='ocr_line' id='line_1_31' title="bbox 210 4024 2077 4113; baseline 0 -21"><span class='ocrx_word' id='word_1_386' title='bbox 210 4027 267 4112; x_wconf 92' lang='lat' dir='ltr'><strong>qui</strong></span> <span class='ocrx_word' id='word_1_387' title='bbox 292 4049 358 4092; x_wconf 91' lang='lat' dir='ltr'><strong>non</strong></span> <span class='ocrx_word' id='word_1_388' title='bbox 384 4025 486 4112; x_wconf 92' lang='lat' dir='ltr'><strong>primo</strong></span> <span class='ocrx_word' id='word_1_389' title='bbox 511 4029 566 4089; x_wconf 87' lang='lat' dir='ltr'><strong>aut</strong></span> <span class='ocrx_word' id='word_1_390' title='bbox 592 4025 730 4090; x_wconf 90' lang='lat' dir='ltr'><strong>secundo</strong></span> <span class='ocrx_word' id='word_1_391' title='bbox 760 4026 861 4112; x_wconf 89' lang='lat' dir='ltr'><strong>gradu</strong></span> <span class='ocrx_word' id='word_1_392' title='bbox 887 4025 1091 4091; x_wconf 84' lang='lat' dir='ltr'><strong>interfectum</strong></span> <span class='ocrx_word' id='word_1_393' title='bbox 1118 4025 1323 4112; x_wconf 78' lang='lat' dir='ltr'><strong>contingrmt,</strong></span> <span class='ocrx_word' id='word_1_394' title='bbox 1359 4024 1440 4090; x_wconf 88' lang='lat' dir='ltr'><strong>ratio</strong></span> <span class='ocrx_word' id='word_1_395' title='bbox 1468 4048 1533 4089; x_wconf 90' lang='lat' dir='ltr'><strong>non</strong></span> <span class='ocrx_word' id='word_1_396' title='bbox 1562 4026 1705 4090; x_wconf 91' lang='lat' dir='ltr'><strong>habetur.</strong></span> <span class='ocrx_word' id='word_1_397' title='bbox 1763 4026 1825 4091; x_wconf 85' lang='lat' dir='ltr'><strong>Est</strong></span> <span class='ocrx_word' id='word_1_398' title='bbox 1847 4025 1977 4110; x_wconf 90' lang='lat' dir='ltr'><strong>quidem</strong></span> <span class='ocrx_word' id='word_1_399' title='bbox 2004 4031 2077 4113; x_wconf 89' lang='lat' dir='ltr'><strong>post</strong></span> 
     </span>
     <span class='ocr_line' id='line_1_32' title="bbox 211 4147 2076 4238; baseline 0.001 -24"><span class='ocrx_word' id='word_1_400' title='bbox 211 4151 307 4215; x_wconf 82' lang='lat' dir='ltr'><strong>verba</strong></span> <span class='ocrx_word' id='word_1_401' title='bbox 329 4148 350 4238; x_wconf 75' lang='grc' dir='ltr'><em>ἢ</em></span> <span class='ocrx_word' id='word_1_402' title='bbox 371 4152 430 4218; x_wconf 81' lang='grc' dir='ltr'><strong>τόν</strong></span> <span class='ocrx_word' id='word_1_403' title='bbox 450 4151 618 4218; x_wconf 79' lang='grc' dir='ltr'><strong><em>κωλύοντα</em></strong></span> <span class='ocrx_word' id='word_1_404' title='bbox 638 4165 770 4238; x_wconf 75' lang='grc' dir='ltr'><strong><em>κρατεῖν</em></strong></span> <span class='ocrx_word' id='word_1_405' title='bbox 792 4148 827 4213; x_wconf 91' lang='lat' dir='ltr'><strong>in</strong></span> <span class='ocrx_word' id='word_1_406' title='bbox 850 4147 1057 4236; x_wconf 88' lang='lat' dir='ltr'><strong>inscriptione</strong></span> <span class='ocrx_word' id='word_1_407' title='bbox 1080 4151 1194 4215; x_wconf 88' lang='lat' dir='ltr'><strong>lacuna</strong></span> <span class='ocrx_word' id='word_1_408' title='bbox 1217 4150 1352 4214; x_wconf 87' lang='lat' dir='ltr'><strong>duorum</strong></span> <span class='ocrx_word' id='word_1_409' title='bbox 1372 4171 1530 4227; x_wconf 87' lang='lat' dir='ltr'><strong>versuum,</strong></span> <span class='ocrx_word' id='word_1_410' title='bbox 1556 4172 1636 4234; x_wconf 90' lang='lat' dir='ltr'><strong>quae</strong></span> <span class='ocrx_word' id='word_1_411' title='bbox 1656 4148 1813 4214; x_wconf 75' lang='lat' dir='ltr'><strong>tonnulae</strong></span> <span class='ocrx_word' id='word_1_412' title='bbox 1832 4149 1935 4214; x_wconf 92' lang='lat' dir='ltr'><strong>verbis</strong></span> <span class='ocrx_word' id='word_1_413' title='bbox 1956 4148 2076 4238; x_wconf 86' lang='lat' dir='ltr'><strong>expleri</strong></span> 
     </span>
     <span class='ocr_line' id='line_1_33' title="bbox 211 4271 2077 4360; baseline 0.001 -24"><span class='ocrx_word' id='word_1_414' title='bbox 211 4295 275 4338; x_wconf 90' lang='lat' dir='ltr'><strong>non</strong></span> <span class='ocrx_word' id='word_1_415' title='bbox 298 4277 403 4360; x_wconf 86' lang='lat' dir='ltr'><strong>potest</strong></span> <span class='ocrx_word' id='word_1_416' title='bbox 425 4272 460 4337; x_wconf 92' lang='lat' dir='ltr'><strong>in</strong></span> <span class='ocrx_word' id='word_1_417' title='bbox 484 4295 582 4358; x_wconf 87' lang='lat' dir='ltr'><strong>eaque</strong></span> <span class='ocrx_word' id='word_1_418' title='bbox 605 4297 634 4338; x_wconf 83' lang='lat' dir='ltr'><strong>v.</strong></span> <span class='ocrx_word' id='word_1_419' title='bbox 661 4273 690 4337; x_wconf 90' lang='lat' dir='ltr'><strong>d.</strong></span> <span class='ocrx_word' id='word_1_420' title='bbox 715 4272 861 4360; x_wconf 89' lang='lat' dir='ltr'><strong>Philippi</strong></span> <span class='ocrx_word' id='word_1_421' title='bbox 883 4273 905 4336; x_wconf 90' lang='lat' dir='ltr'><strong>l.</strong></span> <span class='ocrx_word' id='word_1_422' title='bbox 930 4295 956 4337; x_wconf 92' lang='lat' dir='ltr'><strong>c.</strong></span> <span class='ocrx_word' id='word_1_423' title='bbox 981 4295 1052 4359; x_wconf 88' lang='lat' dir='ltr'><strong>pag.</strong></span> <span class='ocrx_word' id='word_1_424' title='bbox 1079 4275 1143 4338; x_wconf 87' lang='grc'><strong>603</strong></span> <span class='ocrx_word' id='word_1_425' title='bbox 1163 4273 1289 4359; x_wconf 92' lang='lat' dir='ltr'><strong>jussum</strong></span> <span class='ocrx_word' id='word_1_426' title='bbox 1312 4271 1409 4337; x_wconf 85' lang='lat' dir='ltr'><strong>fuisse</strong></span> <span class='ocrx_word' id='word_1_427' title='bbox 1432 4279 1548 4351; x_wconf 92' lang='lat' dir='ltr'><strong>censet,</strong></span> <span class='ocrx_word' id='word_1_428' title='bbox 1573 4278 1610 4338; x_wconf 92' lang='lat' dir='ltr'><strong>ut</strong></span> <span class='ocrx_word' id='word_1_429' title='bbox 1632 4272 1756 4359; x_wconf 90' lang='lat' dir='ltr'><strong>agnatis</strong></span> <span class='ocrx_word' id='word_1_430' title='bbox 1779 4272 1874 4359; x_wconf 91' lang='lat' dir='ltr'><strong>primi</strong></span> <span class='ocrx_word' id='word_1_431' title='bbox 1894 4279 1926 4338; x_wconf 90' lang='lat' dir='ltr'><strong>ct</strong></span> <span class='ocrx_word' id='word_1_432' title='bbox 1945 4272 2077 4338; x_wconf 89' lang='lat' dir='ltr'><strong>secundi</strong></span> 
     </span>
     <span class='ocr_line' id='line_1_34' title="bbox 211 4393 2076 4486; baseline 0.001 -26"><span class='ocrx_word' id='word_1_433' title='bbox 211 4396 328 4482; x_wconf 90' lang='lat' dir='ltr'><strong>gradus</strong></span> <span class='ocrx_word' id='word_1_434' title='bbox 360 4417 426 4460; x_wconf 88' lang='lat' dir='ltr'><strong>non</strong></span> <span class='ocrx_word' id='word_1_435' title='bbox 457 4397 639 4462; x_wconf 83' lang='lat' dir='ltr'><strong>viventibus</strong></span> <span class='ocrx_word' id='word_1_436' title='bbox 672 4396 721 4460; x_wconf 90' lang='lat' dir='ltr'><strong>illi</strong></span> <span class='ocrx_word' id='word_1_437' title='bbox 753 4396 954 4482; x_wconf 89' lang='lat' dir='ltr'><strong>sequentium</strong></span> <span class='ocrx_word' id='word_1_438' title='bbox 989 4397 1145 4483; x_wconf 87' lang='lat' dir='ltr'><strong>graduum</strong></span> <span class='ocrx_word' id='word_1_439' title='bbox 1179 4420 1288 4482; x_wconf 86' lang='lat' dir='ltr'><strong>usque¹</strong></span> <span class='ocrx_word' id='word_1_440' title='bbox 1313 4397 1354 4461; x_wconf 86' lang='lat' dir='ltr'><strong>ad</strong></span> <span class='ocrx_word' id='word_1_441' title='bbox 1388 4393 1541 4486; x_wconf 73' lang='grc' dir='ltr'><strong><em>οἷνεψιοῖν</em></strong></span> <span class='ocrx_word' id='word_1_442' title='bbox 1576 4400 1701 4475; x_wconf 75' lang='grc' dir='ltr'><strong><em>παῖδας</em></strong></span> <span class='ocrx_word' id='word_1_443' title='bbox 1736 4397 1862 4462; x_wconf 88' lang='lat' dir='ltr'><strong>veniam</strong></span> <span class='ocrx_word' id='word_1_444' title='bbox 1897 4397 2010 4461; x_wconf 90' lang='lat' dir='ltr'><strong>darent</strong></span> <span class='ocrx_word' id='word_1_445' title='bbox 2044 4401 2076 4461; x_wconf 90' lang='lat' dir='ltr'><strong>et</strong></span> 
     </span>
     <span class='ocr_line' id='line_1_35' title="bbox 210 4519 2078 4608; baseline 0 -24"><span class='ocrx_word' id='word_1_446' title='bbox 210 4524 374 4608; x_wconf 88' lang='lat' dir='ltr'><strong>praeterea</strong></span> <span class='ocrx_word' id='word_1_447' title='bbox 397 4525 433 4584; x_wconf 87' lang='lat' dir='ltr'><strong>ut</strong></span> <span class='ocrx_word' id='word_1_448' title='bbox 453 4519 560 4606; x_wconf 86' lang='lat' dir='ltr'><strong>agnati</strong></span> <span class='ocrx_word' id='word_1_449' title='bbox 580 4519 726 4606; x_wconf 85' lang='lat' dir='ltr'><strong>jurarent</strong></span> <span class='ocrx_word' id='word_1_450' title='bbox 745 4543 779 4585; x_wconf 92' lang='lat' dir='ltr'><strong>se</strong></span> <span class='ocrx_word' id='word_1_451' title='bbox 801 4543 846 4599; x_wconf 90' lang='lat' dir='ltr'><strong>eo,</strong></span> <span class='ocrx_word' id='word_1_452' title='bbox 871 4541 934 4606; x_wconf 89' lang='lat' dir='ltr'><strong>quo</strong></span> <span class='ocrx_word' id='word_1_453' title='bbox 958 4520 1100 4585; x_wconf 88' lang='lat' dir='ltr'><strong>dicerent</strong></span> <span class='ocrx_word' id='word_1_454' title='bbox 1121 4521 1223 4606; x_wconf 85' lang='lat' dir='ltr'><strong>gradu</strong></span> <span class='ocrx_word' id='word_1_455' title='bbox 1245 4519 1448 4586; x_wconf 69' lang='lat' dir='ltr'><strong>interiectum</strong></span> <span class='ocrx_word' id='word_1_456' title='bbox 1471 4519 1664 4606; x_wconf 72' lang='lat' dir='ltr'><strong>confingam.</strong></span> <span class='ocrx_word' id='word_1_457' title='bbox 1711 4521 1858 4585; x_wconf 88' lang='lat' dir='ltr'><strong>Primum</strong></span> <span class='ocrx_word' id='word_1_458' title='bbox 1881 4525 1987 4584; x_wconf 86' lang='lat' dir='ltr'><strong>autem</strong></span> <span class='ocrx_word' id='word_1_459' title='bbox 2010 4523 2078 4584; x_wconf 88' lang='lat' dir='ltr'><strong>tam</strong></span> 
     </span>
     <span class='ocr_line' id='line_1_36' title="bbox 211 4641 2075 4731; baseline -0.001 -23"><span class='ocrx_word' id='word_1_460' title='bbox 211 4643 314 4708; x_wconf 88' lang='lat' dir='ltr'><strong>multa</strong></span> <span class='ocrx_word' id='word_1_461' title='bbox 337 4643 459 4707; x_wconf 92' lang='lat' dir='ltr'><strong>duobus</strong></span> <span class='ocrx_word' id='word_1_462' title='bbox 481 4643 624 4708; x_wconf 82' lang='lat' dir='ltr'><strong>versibus</strong></span> <span class='ocrx_word' id='word_1_463' title='bbox 649 4643 783 4731; x_wconf 85' lang='lat' dir='ltr'><strong>exprimi</strong></span> <span class='ocrx_word' id='word_1_464' title='bbox 812 4643 953 4731; x_wconf 90' lang='lat' dir='ltr'><strong>potuisse</strong></span> <span class='ocrx_word' id='word_1_465' title='bbox 984 4642 1038 4707; x_wconf 81' lang='lat' dir='ltr'><strong>rix</strong></span> <span class='ocrx_word' id='word_1_466' title='bbox 1068 4643 1274 4720; x_wconf 76' lang='lat' dir='ltr'><strong>crediderim,</strong></span> <span class='ocrx_word' id='word_1_467' title='bbox 1305 4643 1420 4709; x_wconf 92' lang='lat' dir='ltr'><strong>deinde</strong></span> <span class='ocrx_word' id='word_1_468' title='bbox 1448 4643 1474 4708; x_wconf 92' lang='lat' dir='ltr'><strong>si</strong></span> <span class='ocrx_word' id='word_1_469' title='bbox 1498 4644 1537 4708; x_wconf 92' lang='lat' dir='ltr'><strong>de</strong></span> <span class='ocrx_word' id='word_1_470' title='bbox 1561 4643 1703 4730; x_wconf 88' lang='lat' dir='ltr'><strong>cognatis</strong></span> <span class='ocrx_word' id='word_1_471' title='bbox 1732 4667 1830 4728; x_wconf 89' lang='lat' dir='ltr'><strong>usque</strong></span> <span class='ocrx_word' id='word_1_472' title='bbox 1854 4642 1893 4707; x_wconf 91' lang='lat' dir='ltr'><strong>ad</strong></span> <span class='ocrx_word' id='word_1_473' title='bbox 1917 4641 2075 4707; x_wconf 85' lang='lat' dir='ltr'><strong>consobri-</strong></span> 
     </span>
     <span class='ocr_line' id='line_1_37' title="bbox 211 4764 2077 4853; baseline 0.001 -24"><span class='ocrx_word' id='word_1_474' title='bbox 211 4787 326 4830; x_wconf 90' lang='lat' dir='ltr'><strong>norum</strong></span> <span class='ocrx_word' id='word_1_475' title='bbox 356 4765 439 4830; x_wconf 92' lang='lat' dir='ltr'><strong>filios</strong></span> <span class='ocrx_word' id='word_1_476' title='bbox 464 4765 585 4850; x_wconf 89' lang='lat' dir='ltr'><strong>aliquid</strong></span> <span class='ocrx_word' id='word_1_477' title='bbox 609 4766 767 4853; x_wconf 83' lang='lat' dir='ltr'><strong>adjectum</strong></span> <span class='ocrx_word' id='word_1_478' title='bbox 791 4767 912 4844; x_wconf 71' lang='lat' dir='ltr'><strong>diisset,</strong></span> <span class='ocrx_word' id='word_1_479' title='bbox 937 4767 971 4830; x_wconf 91' lang='lat' dir='ltr'><strong>in</strong></span> <span class='ocrx_word' id='word_1_480' title='bbox 995 4790 1032 4831; x_wconf 88' lang='lat' dir='ltr'><strong>ea</strong></span> <span class='ocrx_word' id='word_1_481' title='bbox 1061 4773 1161 4853; x_wconf 89' lang='lat' dir='ltr'><strong>parte,</strong></span> <span class='ocrx_word' id='word_1_482' title='bbox 1190 4765 1224 4830; x_wconf 90' lang='lat' dir='ltr'><strong>in</strong></span> <span class='ocrx_word' id='word_1_483' title='bbox 1248 4766 1372 4851; x_wconf 88' lang='lat' dir='ltr'><strong>quade</strong></span> <span class='ocrx_word' id='word_1_484' title='bbox 1399 4767 1600 4853; x_wconf 90' lang='lat' dir='ltr'><strong>phratoribus</strong></span> <span class='ocrx_word' id='word_1_485' title='bbox 1624 4769 1737 4853; x_wconf 87' lang='lat' dir='ltr'><strong>agitur,</strong></span> <span class='ocrx_word' id='word_1_486' title='bbox 1767 4771 1889 4830; x_wconf 85' lang='lat' dir='ltr'><strong>exstare</strong></span> <span class='ocrx_word' id='word_1_487' title='bbox 1915 4764 2077 4830; x_wconf 88' lang='lat' dir='ltr'><strong>debuisset</strong></span> 
     </span>
    </p>
   </div>
   <div class='ocr_carea' id='block_1_5' title="bbox 374 5030 1502 5099">
    <p class='ocr_par' dir='ltr' id='par_1_6' title="bbox 374 5030 1502 5099">
     <span class='ocr_line' id='line_1_38' title="bbox 374 5030 1502 5099; baseline 0 -15"><span class='ocrx_word' id='word_1_488' title='bbox 374 5030 395 5097; x_wconf 76' lang='grc'><strong>1&gt;</strong></span> <span class='ocrx_word' id='word_1_489' title='bbox 432 5031 557 5085; x_wconf 89' lang='lat' dir='ltr'><strong>Ordinem</strong></span> <span class='ocrx_word' id='word_1_490' title='bbox 575 5039 771 5099; x_wconf 84' lang='lat' dir='ltr'><strong>praeceptorum</strong></span> <span class='ocrx_word' id='word_1_491' title='bbox 790 5033 853 5099; x_wconf 88' lang='lat' dir='ltr'><strong>legis</strong></span> <span class='ocrx_word' id='word_1_492' title='bbox 871 5040 959 5086; x_wconf 85' lang='lat' dir='ltr'><strong>orator</strong></span> <span class='ocrx_word' id='word_1_493' title='bbox 977 5034 1056 5085; x_wconf 87' lang='lat' dir='ltr'><strong>etiem</strong></span> <span class='ocrx_word' id='word_1_494' title='bbox 1074 5033 1101 5084; x_wconf 90' lang='lat' dir='ltr'><strong>in</strong></span> <span class='ocrx_word' id='word_1_495' title='bbox 1119 5031 1294 5084; x_wconf 80' lang='lat' dir='ltr'><strong>Aristocraten</strong></span> <span class='ocrx_word' id='word_1_496' title='bbox 1313 5050 1366 5086; x_wconf 86' lang='lat' dir='ltr'><strong>nen</strong></span> <span class='ocrx_word' id='word_1_497' title='bbox 1384 5033 1502 5086; x_wconf 81' lang='lat' dir='ltr'><strong>servarit.</strong></span> 
     </span>
    </p>
   </div>
   <div class='ocr_carea' id='block_1_6' title="bbox 0 0 2326 5644">
    <p class='ocr_par' dir='ltr' id='par_1_7' title="bbox 0 0 2326 5644">
     <span class='ocr_line' id='line_1_39' title="bbox 0 0 2326 5644; baseline 0 0"><span class='ocrx_word' id='word_1_498' title='bbox 0 0 2326 5644; x_wconf 95' lang='lat' dir='ltr'><strong> </strong></span> 
     </span>
    </p>
   </div>
  </div>
 </body>
</html>
