4638 5644
1152 251 1210 330 34

244 506 485 594 έξερρμῶνται,
517 502 710 592 προςτάττει
736 503 797 589 τῶν
826 503 1034 588 ἐπιμέλειαν,
1065 526 1086 568 a
1114 503 1247 570 Polluce
1274 505 1378 584 VIH,
1410 507 1453 571 89
1483 508 1687 592 ἐπιμελεῖται
1710 509 1746 575 δὲ
1768 517 1826 575 καὶ
1853 509 1908 588 (sc.
1932 504 1954 574 ό
1980 504 2106 596 ἀρχαι)

243 631 311 696 τῶν
332 629 499 710 γνναιιιῶν
522 630 559 692 ul
582 622 626 694 ἀν
649 629 754 712 φῶσιν
777 621 842 692 ἀπ’
865 621 986 714 ἀνδρός
1008 629 1157 715 τελευτῆς
1179 630 1283 696 κύειν·
1312 639 1369 696 καὶ
1391 631 1465 707 τοδε
1488 635 1592 708 οἴκους
1615 631 1769 714 έκμισθοτ
1788 633 1857 697 τῶν
1878 625 2045 720 όρφανῶν.

404 747 441 816 Si
464 754 572 815 autem
595 747 666 835 quie
689 749 782 816 orboe
804 752 861 814 aut
880 747 1033 835 epicleros
1054 754 1110 814 aut
1132 748 1266 816 feminas
1288 755 1500 838 praegnantes
1520 750 1721 818 contumeliis
1744 751 1934 838 injuriisque
1949 753 2104 832 affecerat,

245 871 391 940 archonti
413 871 538 951 licebat,
563 871 698 937 multam
720 870 751 936 ei
773 869 936 958 imponere
957 875 1044 940 τατά
1069 875 1106 940 τδ
1130 877 1233 952 τέλος.
1281 873 1373 959 Quae
1394 875 1499 952 verba,
1524 873 1601 958 quid
1623 873 1685 940 sibi
1707 872 1818 953 velint,
1842 875 1967 962 saepius
1991 897 2009 942 a
2029 874 2106 942 viris

144 1077 145 1080 ρ
245 994 348 1062 doctis
370 994 581 1083 disceptatum
605 999 661 1060 est.
701 993 834 1061 Reiskio
857 995 918 1060 hoc
941 993 1119 1082 significare
1140 995 1209 1062 visa
1228 1001 1322 1067 sunt:
1355 995 1557 1076 „Archontes
1580 998 1698 1062 multas
1718 995 1899 1064 arbitrariae
1921 997 2107 1086 infligebmt

243 1121 331 1188 τατά
352 1119 390 1187 τό
411 1121 518 1197 τέλος,
542 1123 580 1184 ut
601 1117 740 1184 maxima
759 1140 869 1184 eorum
889 1123 972 1184 esset
994 1119 1105 1197 multa,
1130 1119 1186 1205 qui
1205 1143 1244 1185 ex
1263 1117 1373 1186 ordine
1393 1124 1462 1188 τῶν
1481 1122 1839 1206 πεντακοσιομεδίμνων
1861 1125 1977 1199 essent,
2001 1119 2107 1186 medie

243 1245 310 1312 τῶν
333 1248 480 1320 ἱππέοιν,
517 1240 650 1307 minima
672 1243 739 1311 τῶν
763 1244 941 1326 ζσγιτῶν.“
997 1241 1153 1307 Attamen
1176 1241 1315 1329 primum
1338 1247 1422 1308 certe
1446 1243 1542 1308 eliam
1564 1247 1681 1331 θῆτες,
1711 1243 1738 1308 si
1762 1249 1871 1310 contra
1897 1243 1979 1309 banc
2001 1245 2106 1330 legem

243 1368 471 1452 peccaverant,
508 1386 701 1451 quamquam
722 1364 892 1450 vectigalia
920 1387 986 1430 non
1013 1364 1241 1452 impendebant
1272 1365 1369 1448 (Poll.
1393 1365 1497 1444 VIII,
1531 1367 1601 1448 13),
1635 1365 1790 1453 puniendi
1821 1371 1921 1432 erunt.
1978 1365 2107 1432 Deinde

243 1486 421 1554 secundum
449 1486 587 1573 vectigal
616 1487 752 1554 multem
778 1487 942 1575 imponere
970 1490 1100 1554 obscure
1131 1494 1163 1553 et
1193 1488 1287 1554 dubie
1315 1487 1436 1555 dictum
1463 1493 1565 1568 esset,
1600 1488 1664 1554 nisi
1691 1510 1765 1576 pars
1787 1488 1952 1574 vectigalis
1982 1488 2106 1576 adjecta

244 1614 337 1689 esset,
368 1633 465 1697 quam
487 1633 645 1676 summam
666 1610 830 1698 imponere
851 1609 976 1676 licebat.
1031 1609 1172 1676 Omnino
1196 1611 1334 1698 denique
1355 1611 1524 1699 explicatio
1546 1610 1673 1676 Reiskii
1695 1633 1761 1678 non
1784 1611 1926 1698 quadrat,
1958 1610 2105 1684 sistam

245 1731 328 1800 eliae
350 1756 472 1821 poenae
495 1757 531 1800 ac
553 1733 755 1822 pecuniariae
779 1733 838 1812 eis,
873 1732 928 1819 qui
954 1733 1036 1800 hano
1062 1735 1167 1820 legem
1189 1735 1361 1814 laeserant,
1397 1734 1520 1822 imponi
1542 1740 1705 1822 poterant,
1739 1734 1825 1820 quod
1846 1758 1886 1800 ex
1908 1732 2012 1800 verbis
2035 1732 2055 1798 i.
2080 1732 2102 1800 f.

244 1864 375 1926 παθεῖν
402 1854 424 1945 ἢ
450 1855 610 1928 ἀποτῖσαι
639 1857 795 1944 conjicere
824 1856 908 1922 licet.
967 1857 1071 1944 Magis
1097 1856 1178 1922 mibi
1204 1857 1323 1926 arridet
1344 1857 1531 1945 explicatio,
1571 1881 1667 1957 quam
1694 1857 1839 1924 exhibuit
1859 1857 2005 1934 Potitus,
2041 1857 2102 1942 leg.

245 1979 331 2046 attic.
355 2002 427 2066 pag.
446 1981 530 2046 594:
557 1980 713 2060 „multam
727 1977 847 2046 faciens
866 1984 1019 2065 quantam
1038 1986 1163 2067 poterat
1181 2003 1238 2068 pro
1261 1981 1473 2068 magistratus,
1499 2004 1594 2066 quern
1613 1982 1750 2067 gerebat,
1775 1985 1947 2068 potestate;
1973 1978 2104 2046 definita

245 2100 332 2168 enim
354 2107 423 2168 erat
445 2104 556 2190 procul
580 2103 675 2168 dubio
699 2103 810 2182 mults,
834 2125 931 2188 quam
957 2102 1096 2188 irrogare
1122 2109 1247 2189 poterat
1273 2105 1401 2183 archon,
1435 2102 1703 2189 quemadmodum
1725 2108 1758 2169 et
1780 2103 1845 2182 alii,
1877 2103 1932 2188 qui
1954 2105 2045 2168 erant
2065 2102 2103 2169 έν

244 2230 293 2317 uqi
315 2230 416 2306 τέλει,
448 2232 485 2292 ut
507 2225 645 2313 exempli
667 2225 771 2312 gratie
793 2224 1050 2312 Quingentorum
1072 2230 1231 2292 senebm.“

404 2348 441 2416 Si
463 2354 571 2415 autem
593 2348 712 2436 majore
734 2370 838 2436 poene
859 2347 975 2435 dignus
998 2347 1172 2428 videbatur,
1196 2348 1252 2435 qui
1275 2350 1425 2416 adversus
1449 2352 1531 2416 hanc
1553 2351 1658 2436 legem
1680 2349 1806 2428 fecerat,
1831 2351 1950 2416 archon
1972 2371 2047 2414 eum
2068 2347 2104 2414 in

241 2473 295 2562 jus
318 2471 359 2538 ed
388 2469 546 2538 heliseum
571 2471 706 2538 vocabat
727 2471 780 2537 die
801 2470 927 2557 quinto,
957 2475 1127 2555 antequam
1148 2472 1323 2538 habebatur
1344 2473 1451 2560 ipsum
1474 2472 1633 2560 judicium
1645 2473 1669 2556 ¹)
1701 2472 1931 2561 adjiciebetque
1959 2469 2103 2537 aestima·

253 2595 377 2661 tionem
399 2617 529 2682 poenae,
555 2617 618 2680 qua
640 2593 700 2660 sibi
723 2592 907 2660 multandus
929 2593 1090 2660 videretur
1112 2593 1164 2676 (cf.
1189 2594 1299 2660 Meier.
1312 2619 1344 2660 u.
1366 2595 1549 2663 Sohbmenn
1570 2597 1591 2660 l.
1609 2619 1634 2662 c.
1659 2619 1730 2683 pag.
1750 2597 1813 2661 175
1835 2600 1926 2681 sqq.).
1973 2592 2009 2660 Si
2031 2615 2103 2659 reus

244 2741 356 2786 caussa
386 2717 535 2796 cadebat,
571 2717 743 2796 heliastae,
779 2715 857 2803 quid
883 2721 939 2782 aut
967 2717 1035 2804 pati
1062 2725 1118 2784 aut
1149 2718 1287 2805 pendere
1314 2723 1490 2807 oporteret,
1524 2718 1545 2784 i.
1575 2742 1619 2798 a,
1654 2719 1813 2804 quomodo
1845 2723 1877 2784 et
1908 2707 2102 2803 quantopere

244 2840 426 2928 puniendus
448 2845 545 2919 esset,
577 2839 797 2905 decernebant.
834 2838 873 2904 cf.
898 2839 1000 2905 Meier
1021 2864 1052 2906 u.
1078 2840 1260 2908 Schomann
1283 2842 1303 2906 l.
1330 2863 1355 2907 o.
1379 2864 1451 2928 pag.
1477 2842 1541 2907 739
1564 2863 1630 2927 sqq.

1111 3067 1240 3170 520.

404 3259 546 3326 Transeo
581 3257 621 3323 sd
658 3259 764 3344 leges,
810 3283 888 3346 quas
923 3259 962 3324 de
1000 3261 1163 3348 sepultura
1200 3262 1279 3328 haec
1317 3262 1416 3327 oratio
1451 3262 1578 3328 exhibet
1612 3283 1648 3327 ac
1685 3260 1773 3348 prius
1811 3260 1851 3326 ad
1886 3283 1977 3338 eam,
2021 3282 2103 3346 quse

242 3389 346 3452 exstat
378 3385 476 3472 §oa

404 3508 472 3576 Τόν
495 3503 722 3574 ἀποθανόντα
750 3513 976 3595 προτίθεσθαι
1005 3508 1117 3584 ἔνδον,
1154 3503 1244 3587 ὅπως
1272 3506 1317 3577 ἀν
1345 3510 1519 3597 βούληται.
1555 3509 1703 3597 ἐκφέρειν
1729 3509 1766 3574 δὲ
1791 3507 1850 3576 τόν
1876 3503 2103 3605 ἀποθανόντα

240 3635 283 3732 τῇ
312 3628 470 3720 ῶστεραέρι
499 3627 522 3718 ἢ
550 3623 573 3728 ᾗ
600 3625 645 3696 ῶν
675 3631 890 3719 προθῶνται,
927 3639 1006 3718 πρὶν
1031 3625 1125 3718 ἥλιον
1154 3632 1292 3717 ἐξέχειν.
1322 3633 1473 3710 βαδίζειν
1499 3632 1535 3697 δὲ
1564 3632 1639 3708 τούς
1667 3625 1791 3720 ἀνδρας
1816 3632 1984 3720 πρόσθεν,
2019 3625 2104 3697 όταν

243 3755 464 3844 ἐκφέρωνται,
500 3754 561 3830 τάς
589 3753 626 3820 δὲ
651 3765 811 3834 γυναῖκας
838 3747 994 3821 όπισθεν.
1024 3767 1166 3836 γυναῖκα
1197 3755 1233 3820 δὲ
1258 3755 1303 3840 μή
1332 3755 1457 3830 &aarum
1486 3759 1620 3829 εἰσιέναι
1646 3757 1691 3830 εἰς
1720 3755 1763 3821 τοὶ
1786 3755 1846 3820 τοῦ
1868 3748 2103 3828 ἀποθανόντος

240 3878 322 3964 μηδ’
345 3872 544 3943 ἀκολουθεῖν
567 3871 797 3953 ἀποθανόντι,
827 3870 912 3943 όταν
934 3882 978 3953 εἷς
1004 3878 1047 3943 roi
1072 3877 1204 3963 σήματα
1229 3871 1365 3961 ἄγηται,
1397 3875 1489 3952 ἐντός
1513 3875 1660 3962 ἑξήκοντ’
1690 3876 1774 3943 ἐτῶν
1795 3889 1984 3959 γεγονυῖαν,
2016 3875 2103 3960 ntia

243 3995 321 4068 όσαι
343 3999 435 4076 ἐντός
459 3993 658 4090 ἀνεψιαδῶν
680 4005 754 4065 εἰσι·
788 3998 868 4086 μηδ’
891 4005 935 4077 εἰς
968 4001 1010 4066 roi
1043 3991 1104 4066 τόῶ
1135 3995 1370 4076 ἀποθανόντος
1394 4005 1545 4076 εέςιέναι,
1582 3999 1721 4067 έπειδάν
1752 4000 1913 4095 ἐξενεχθῇ
1944 3992 1966 4062 ό
1997 4006 2100 4074 νέκυς,

241 4135 387 4204 γυναῖκα
410 4123 575 4208 μηδεμίαν
598 4123 686 4208 πλήν
708 4117 786 4188 &aaa
808 4123 901 4200 ἐντός
925 4118 1122 4212 ἀνεψιαδῶν
1145 4128 1239 4188 εἰσιν.
2094 4185 2095 4188 ,

404 4243 474 4308 Lex
497 4247 622 4329 purtem
642 4241 783 4307 continet
807 4242 937 4309 illorum
956 4249 1205 4330 praeceptorum,
1232 4264 1312 4327 quae
1332 4241 1371 4308 de
1391 4241 1555 4309 funeribus
1579 4243 1655 4309 Solo
1672 4240 1924 4308 Atheniensibus
1942 4239 2068 4328 scripsit
2077 4241 2102 4324 ²)

242 4365 297 4448 (cf.
321 4366 401 4447 §62
423 4364 518 4447 init).
565 4365 730 4429 Mortuum
753 4363 850 4452 igitur
872 4365 959 4432 intus
982 4365 1189 4452 spectandum
1211 4365 1366 4430 collocare
1388 4365 1513 4444 licebat,
1538 4361 1628 4443 ὅπως
1651 4363 1696 4432 ἀν
1717 4367 1891 4452 βούληται.
1926 4362 2099 4450 Schelling.

244 4489 266 4555 l.
299 4511 324 4555 c.
360 4511 431 4576 pag.
466 4488 529 4553 129
563 4489 723 4576 βούληται
756 4487 797 4553 ed
830 4491 889 4556 τόν
923 4485 1148 4556 ἀποθανόντα
1183 4486 1299 4552 referre
1332 4488 1403 4552 vult
1434 4487 1592 4572 vertitque
1628 4509 1710 4571 „quo
1745 4487 1815 4552 loco
1848 4509 1882 4552 se
1914 4486 2103 4552 collocatum

244 4612 403 4678 voluerit‘
428 4633 470 4676 sc.
496 4609 673 4676 defunctus.
713 4611 801 4676 Huic
825 4617 932 4675 tamen
954 4607 1094 4676 versioni
1112 4611 1217 4675 obstat
1235 4615 1360 4698 tempus
1380 4633 1529 4698 praesens
1548 4613 1724 4698 δούληταιι
1749 4609 1780 4675 ei
1798 4607 1938 4696 perfecto
1961 4615 2102 4696 tempore

406 4890 426 4959 ¹)
464 4891 508 4945 Sic
524 4891 580 4946 eine
597 4892 677 4946 dubio
702 4877 906 4962 πρόπεμπτα
932 4891 1133 4959 intellegendum
1152 4899 1205 4958 est,
1236 4891 1305 4959 quod
1328 4893 1397 4945 male
1421 4893 1603 4959 interpretatur
1620 4891 1776 4958 Harpocrat.
1804 4909 1825 4944 s.
1847 4909 1872 4944 r.
1897 4873 2102 4961 πρόπεμπτα

244 4982 316 5034 uene
333 4981 420 5034 roeun
439 4980 530 5034 som.
561 4979 596 5032 cf.
617 4979 704 5033 Ριοο.
725 4979 802 5032 rone.
823 4995 844 5032 s.
865 4997 891 5031 v.
912 4963 1130 5049 πρόπεμπτα.

405 5065 427 5135 ⁹)
464 5067 504 5120 De
522 5067 563 5120 bia
581 5066 782 5120 luculentissime
800 5067 852 5134 egil
869 5067 986 5134 Beklrer,
1014 5066 1129 5120 Obarilrl.
1151 5067 1179 5118 Π
1195 5084 1255 5134 peg.
1279 5069 1426 5121 116-210.
