4638 5644
1163 166 1219 244 22

254 422 318 491 teir
354 423 391 489 dt
430 450 450 489 ιι
469 449 492 488 α
513 432 526 488 t
563 423 687 492 τούτων
715 425 792 500 cta,
828 419 918 506 cujus
941 431 998 487 καὶ
1020 421 1147 484 nullum
1169 417 1340 505 vestigium
1363 444 1466 506 neque
1493 418 1527 486 in
1550 421 1710 488 codicibus
1732 445 1836 509 neque
1859 423 1894 490 in
1916 422 2122 512 inscriptione

252 543 444 611 invenimus.
501 544 553 609 De
583 543 656 632 jura
689 543 827 632 jurando
861 541 982 628 aliquid
1015 547 1220 631 praeceptum
1254 543 1352 610 fixisse
1383 567 1401 609 e
1433 543 1548 610 litteris
1581 545 1798 634 inscriptionis
1832 571 1913 633 quae
1947 557 2119 637 supersunt

255 673 481 744 ΕΘΕΛΟΣά)
518 676 612 737 ΤΟΝ
641 669 770 759 Ηο[ρκ]
780 676 845 736 ΟΝ
875 689 1027 754 apparere
1058 666 1194 733 videtin.
1241 667 1307 735 Sed
1336 674 1444 732 utrum
1473 667 1525 748 id,
1561 669 1647 755 quod
1680 677 1813 756 agnatos
1841 671 1999 758 juravisse
2031 698 2060 738 v.
2090 673 2119 739 d.

254 790 400 878 Philippi
423 791 493 855 vult
515 795 637 856 rectum
660 791 717 869 sit,
749 814 791 856 an
814 789 973 856 sententia
995 789 1169 869 Koehleri,
1198 790 1254 876 qui
1276 797 1408 877 agnatos
1428 791 1585 880 juravisse
1611 798 1736 872 censet,
1772 817 1805 860 se
1828 779 2064 862 interfectorem
2086 796 2122 862 in

259 913 396 1002 patriam
418 936 580 979 reversum
603 937 668 978 nou
691 913 917 980 sollicitaturos
940 935 1008 978 esse
1031 913 1161 1001 propius
1183 915 1225 979 ad
1246 914 1414 988 veritatem
1437 916 1578 995 accedat,
1611 915 1780 1004 dijudicari
1802 917 1856 982 vix
1878 923 1991 1005 potest.
2038 920 2121 986 Mihi

260 1038 389 1125 quidem
421 1036 578 1102 Koehlen'
612 1037 771 1102 sententia
804 1035 905 1124 magis
940 1035 1058 1102 arridet
1088 1036 1156 1123 jam
1188 1060 1259 1102 eam
1291 1039 1331 1104 ob
1363 1061 1524 1118 caussam,
1564 1040 1649 1124 quod
1683 1040 1732 1105 illi
1768 1041 1895 1127 agnati,
1934 1043 2048 1127 quibus
2082 1046 2120 1111 ro*

261 1164 464 1230 αἰδέσασθαι
497 1159 697 1239 conceditur,
730 1160 799 1247 jam
826 1163 921 1225 autea
951 1159 986 1224 in
1017 1160 1256 1246 pronunciando
1288 1169 1485 1253 (προειπεῖν)
1515 1162 1717 1229 interfectore
1745 1164 1781 1229 in
1807 1163 1894 1244 foro,
1930 1165 2057 1252 quade
2086 1189 2120 1231 re

256 1284 341 1351 infra
363 1283 540 1372 disputabo,
564 1283 707 1370 profiteri
731 1283 896 1364 debebant,
920 1305 1059 1368 quanam
1081 1282 1251 1369 agnatione
1274 1307 1347 1350 cum
1369 1285 1499 1351 homine
1521 1285 1688 1352 interfecto
1712 1287 1875 1375 conjuncti
1897 1294 2004 1354 essent
2026 1295 2120 1375 atque

253 1409 326 1497 jure
346 1407 483 1496 jurando
507 1405 664 1472 affirmare
688 1429 720 1472 se
744 1413 828 1472 recte
851 1405 1009 1494 professos
1031 1430 1101 1472 esse
1124 1407 1303 1489 (Demosth.
1327 1407 1362 1473 in
1384 1408 1551 1496 Euergum
1576 1414 1598 1492 ξ
1622 1411 1685 1494 72).
1732 1411 1805 1476 lam
1823 1412 2039 1496 quaerendum
2061 1419 2118 1492 est,

255 1530 382 1618 quando
405 1531 526 1608 αἴδεσις
550 1529 634 1596 facta
656 1529 698 1594 sit
721 1529 773 1610 (cf.
797 1528 952 1618 Philippi,
981 1530 1133 1618 Areopag
1155 1555 1186 1596 u.
1211 1529 1262 1597 die
1285 1530 1436 1619 Epheten
1461 1557 1533 1621 pag.
1560 1534 1623 1599 136
1647 1539 1737 1620 sqq.).
1785 1535 1863 1602 Non
1886 1535 2040 1602 assentior
2063 1537 2117 1602 Fr.

254 1655 463 1732 Hermanno,
499 1651 554 1738 qui
583 1653 604 1717 l.
630 1675 656 1718 o.
687 1676 758 1740 pag.
784 1654 849 1718 299
880 1653 1023 1741 scripsit:
1060 1654 1116 1720 der
1143 1653 1282 1720 Thestor
1307 1660 1427 1722 musste
1454 1656 1511 1723 das
1537 1657 1632 1723 Laud
1665 1659 1828 1725 verlassen
1859 1659 1926 1724 und
1958 1682 1993 1724 so
2025 1659 2120 1746 lange

255 1777 401 1856 maiden,
437 1775 485 1841 bis
516 1757 550 1841 er
575 1799 640 1841 von
667 1775 729 1841 den
757 1776 975 1843 Verwaudten
1002 1777 1058 1843 des
1087 1775 1280 1843 Getbdtaten
1308 1778 1359 1844 die
1389 1778 1579 1846 Erlaubniss
1609 1805 1666 1846 aur
1691 1781 1868 1846 Ruekkehr
1894 1782 2037 1868 erlaugte
2066 1780 2117 1864 (cf.

256 1901 438 1986 Schelliug,
474 1900 514 1965 de
537 1898 665 1966 Solonis
692 1899 817 1985 legibus
846 1923 917 1987 pag.
944 1902 1007 1984 72).
1067 1900 1103 1968 Si
1126 1900 1213 1966 enim
1235 1924 1285 1968 ras
1311 1900 1358 1968 ita
1379 1925 1413 1968 se
1436 1903 1615 1983 habuisset,
1651 1903 1794 1989 quisquis
1817 1903 1946 1970 caedem
1972 1904 2119 1970 involun-

256 2023 371 2091 tariam
404 2023 622 2102 commiserat,
661 2045 790 2110 prorsus
820 2023 854 2088 in
883 2029 1039 2111 potestate
1068 2031 1256 2112 agnatorum
1285 2025 1381 2113 primi
1408 2033 1441 2093 et
1470 2027 1601 2094 secundi
1633 2029 1750 2114 gradus
1787 2027 1927 2094 hominis
1960 2026 2120 2110 interfecti

256 2145 371 2212 fuisset
397 2168 500 2232 neque
527 2145 563 2212 in
591 2145 727 2233 patriam
756 2147 873 2214 reverti
902 2147 1074 2235 potuisset,
1111 2146 1139 2214 si
1167 2171 1250 2214 uuus
1277 2154 1403 2215 tanturn
1426 2173 1536 2217 eorum
1562 2151 1689 2216 veniam
1712 2151 1786 2217 dare
1813 2151 1976 2217 noluisset.
2028 2149 2117 2216 Fieri

256 2292 332 2356 ergo
355 2268 519 2357 potuisset,
544 2274 581 2334 ut
602 2269 667 2348 ille,
692 2269 747 2355 qui
766 2271 895 2337 caedem
916 2269 1165 2336 involuntariam
1181 2270 1308 2350 fecerat,
1333 2273 1444 2339 eadem
1466 2297 1577 2362 poena,
1601 2298 1665 2360 qua
1686 2273 1752 2352 ille,
1778 2273 1833 2360 qui
1853 2276 1997 2341 consulto
2020 2271 2116 2338 inter·

255 2391 391 2472 fecerat,
427 2391 622 2472 afficeretur,
658 2394 744 2492 quod
775 2392 927 2460 facillime
961 2400 1030 2459 tum
1060 2393 1187 2460 evenire
1215 2395 1386 2483 potuisset,
1422 2397 1450 2463 si
1480 2397 1625 2485 judicum
1655 2397 1784 2483 quidem
1818 2397 1976 2464 sententia
2006 2397 2117 2464 caedes

256 2515 470 2582 involuntarie
504 2521 683 2604 perpetrata
717 2523 817 2596 esset,
853 2517 962 2604 agnati
995 2523 1102 2584 autem
1135 2541 1209 2584 cum
1239 2519 1400 2607 judicibus
1434 2544 1499 2585 non
1533 2519 1756 2586 consentirent.
1818 2521 1984 2588 Summam
2019 2520 2116 2606 igitur

256 2637 408 2726 injuriam
434 2641 495 2705 hoc
522 2640 615 2705 modo
643 2641 713 2706 fieri
739 2641 898 2729 potuisse,
935 2641 1005 2727 quis
1033 2665 1097 2706 nou
1124 2642 1291 2728 intellegit.
1351 2642 1457 2728 Quam
1473 2645 1524 2708 'ob
1553 2666 1621 2708 rem
1650 2643 1797 2729 equidem
1829 2665 1897 2708 rem
1928 2643 1988 2709 hoc
2020 2642 2115 2707 modo

256 2763 462 2830 constitutam
485 2761 582 2828 fixisse
603 2786 734 2828 censeo:
758 2764 869 2830 Poena
892 2765 996 2830 caedis
1018 2765 1118 2830 invita
1137 2766 1323 2832 commissae
1347 2765 1477 2831 exilium
1498 2773 1565 2831 erat
1584 2767 1662 2831 certi
1682 2766 1847 2853 cujusdam
1868 2771 1923 2832 aut
1942 2765 2117 2832 secundum

256 2885 397 2972 singulas
428 2909 553 2952 caussas
583 2911 602 2951 a
627 2885 788 2973 judicibus
817 2887 990 2953 definiendi
1019 2887 1187 2978 temporis,
1221 2911 1284 2974 quo
1308 2888 1498 2955 circumacto
1525 2893 1646 2968 αἴδεσις
1673 2895 1730 2955 aut
1751 2891 1791 2956 ab
1814 2889 1938 2977 agnatis
1962 2889 2117 2978 phratori-

255 3010 354 3075 busve
381 3009 521 3076 hominis
549 3009 708 3076 interfecti
732 3009 881 3096 denegari
911 3034 976 3075 non
1006 3012 1111 3099 potuit
1134 3017 1189 3078 aut
1212 3011 1342 3077 omnino
1367 3037 1403 3079 ea
1431 3036 1509 3101 opus
1536 3036 1602 3078 non
1629 3013 1700 3078 fuit.
1760 3013 1797 3080 si
1819 3019 1926 3079 autem
1949 3013 2020 3101 quis
2043 3018 2116 3078 aute

257 3137 382 3220 tempus
410 3131 498 3199 exilii
527 3133 734 3221 praeteritum
760 3133 795 3198 in
822 3135 959 3222 patriam
987 3134 1090 3200 redire
1118 3135 1240 3213 voluit,
1276 3141 1361 3202 certo
1392 3136 1422 3201 ei
1449 3135 1664 3203 reconciliatio
1693 3160 1765 3202 cum
1792 3137 1916 3224 agnatis
1943 3144 1999 3203 aut
2024 3138 2116 3224 phra-

251 3256 376 3321 toribus
396 3256 536 3322 hominis
557 3256 652 3323 occisi
671 3256 871 3344 impetranda
890 3265 966 3339 erat,
991 3281 1071 3344 quae
1095 3265 1245 3344 utquam
1265 3259 1449 3348 saepissime
1468 3261 1568 3340 fieret,
1592 3260 1671 3348 legis
1692 3267 1802 3326 auctor
1818 3260 1872 3348 jus
1891 3259 2117 3326 reconciliandi

254 3377 348 3464 patri,
371 3377 462 3444 fratri
485 3379 614 3466 filioque
636 3379 775 3446 hominis
797 3381 956 3448 interfecti
979 3381 1054 3448 solis
1075 3383 1197 3460 detulit,
1223 3406 1302 3468 quos
1325 3383 1455 3470 quidem
1477 3388 1514 3448 ut
1530 3383 1695 3449 arfissimis
1718 3383 1963 3472 propinquitatis
1981 3383 2117 3450 vinculis

256 3521 329 3566 oum
351 3502 481 3568 homine
505 3504 607 3569 occiso
631 3504 816 3591 conjunctos
843 3504 928 3571 inter
950 3529 983 3570 se
1007 3505 1185 3571 consentire
1207 3506 1319 3572 voluit.
1367 3506 1453 3592 Quia
1475 3512 1581 3571 autem
1604 3507 1791 3594 plerumque
1815 3509 1854 3573 ab
1877 3507 2001 3594 agnatis
2024 3506 2118 3572 venia

257 3622 390 3688 dabatur
416 3624 583 3692 Demosth.
618 3626 652 3690 in
683 3627 837 3695 Aristocr.
871 3633 892 3710 ξ
920 3631 961 3693 72
994 3629 1099 3694 minus
1133 3636 1277 3694 accurate
1305 3605 1410 3694 dicere
1440 3628 1546 3715 potuit
1574 3633 1633 3698 τὸν
1661 3627 1773 3699 aava
1802 3628 1997 3722 ἔπ’ἆκουσίῳ
2026 3632 2116 3720 φόνῳ

256 3749 387 3833 φεύγειν
410 3753 470 3825 ἕως
494 3745 539 3817 ἄν
562 3751 735 3838 αἰδέσηταί
754 3779 829 3822 τινα
853 3757 919 3820 τῶν
941 3754 979 3820 ἐν
1001 3763 1087 3836 γένει
1110 3757 1167 3821 τοῦ
1193 3753 1411 3830 πεπονθότας.
1469 3749 1558 3816 Fieri
1588 3774 1713 3838 quoque
1740 3753 1861 3840 potuit,
1895 3758 1932 3818 ut
1958 3753 2027 3831 ille,
2062 3751 2117 3838 qui

256 3868 470 3936 involuntarie
497 3871 716 3954 interfecerat,
752 3897 855 3960 neque
882 3876 917 3940 in
946 3876 1000 3962 jus
1027 3881 1192 3942 vocaretur
1221 3897 1324 3960 neque
1353 3875 1422 3939 ulla
1450 3897 1554 3962 poena
1576 3873 1771 3954 afficeretiu,
1807 3876 1835 3941 si
1857 3875 1986 3961 quidem
2009 3873 2117 3962 agnati

256 3993 385 4058 caedem
413 4000 486 4060 ante
513 4018 580 4061 rem
606 3997 781 4083 judicatam
810 4021 877 4064 esse
905 3997 1154 4064 involuntariam
1177 4003 1397 4064 concesserant
1419 4005 1452 4064 et
1479 3998 1586 4064 statim
1613 3997 1740 4096 veniam
1764 3999 1924 4064 dederant.
1977 3998 2116 4085 Agnetis

256 4121 363 4182 autem
390 4117 486 4204 primi
509 4125 541 4184 et
568 4121 698 4185 secundi
726 4121 842 4207 gradus
869 4143 935 4186 non
957 4121 1137 4187 viventibus
1160 4121 1290 4186 Dracon
1313 4121 1422 4187 decem
1448 4121 1649 4210 phratoribus
1672 4121 1726 4209 jus
1748 4121 1902 4188 redeundi
1925 4120 1959 4186 in
1982 4122 2118 4208 gratiam

257 4261 331 4304 cum
352 4239 554 4307 interfectore
579 4243 679 4322 dedit,
716 4243 830 4329 quibus
853 4251 961 4309 tamen
985 4244 1111 4331 expiare
1134 4267 1200 4310 nou
1222 4244 1352 4322 licebat,
1387 4244 1450 4312 nisi
1472 4251 1567 4312 autea
1594 4269 1645 4311 res
1667 4247 1707 4312 ab
1731 4242 1853 4332 ephetis
1873 4244 2016 4331 judicata
2039 4251 2115 4324 arat,

255 4361 358 4450 iisque
383 4364 546 4430 constabat
567 4365 775 4432 homicidium
796 4390 863 4432 esse
886 4367 987 4432 invite
1007 4367 1211 4456 commissum
1224 4369 1257 4450 ¹).
1304 4367 1360 4432 Ad
1380 4368 1508 4434 veniam
1527 4390 1601 4433 vero
1622 4392 1641 4434 a
1660 4368 1861 4456 phratoribus
1883 4367 2116 4456 impetrandam

256 4485 415 4554 suffecisse
448 4487 475 4552 si
507 4489 613 4575 plures
641 4513 751 4555 eorum
784 4490 818 4556 id
848 4489 1041 4571 voluissent,
1070 4514 1109 4556 ex
1136 4515 1173 4556 eo
1201 4491 1350 4578 colligere
1382 4491 1475 4572 licet,
1512 4491 1597 4577 quod
1629 4490 1712 4555 nihil
1743 4490 1782 4555 de
1817 4513 1973 4558 consensu
2007 4513 2117 4556 eorum

418 4821 438 4889 ¹)
474 4824 516 4877 Ita
539 4825 619 4878 verba
643 4810 745 4891 γνῶσι
767 4810 795 4876 δ’
818 4815 847 4876 ot
871 4810 1073 4898 πεντήκοντα
1101 4821 1157 4876 καὶ
1187 4811 1232 4888 εἷς
1260 4816 1290 4877 ot
1316 4811 1434 4896 ἐφέται
1463 4804 1587 4876 ἅπαντα
1610 4823 1736 4878 κτεῖναι
1761 4825 1934 4894 intellegenda
1954 4843 2010 4879 esse
2034 4827 2116 4880 mani·

257 4908 351 4962 festum
369 4920 420 4978 est,
450 4928 516 4979 quae
534 4911 720 4981 schellingium
739 4914 757 4967 l.
779 4931 802 4967 c.
823 4929 883 4982 pag.
907 4915 955 4982 73,
984 4915 1079 4983 quippe
1097 4915 1141 4983 qui
1160 4915 1368 4984 inscriptionem,
1397 4915 1471 4980 cajus
1489 4932 1550 4982 para
1567 4921 1606 4967 cst
1623 4914 1689 4967 haec
1708 4914 1835 4982 formula,
1864 4913 1980 4967 noudum
1998 4913 2114 4983 haberet,

255 4996 284 5048 in
302 5016 424 5066 magnum
443 5016 554 5053 errorem
572 5000 738 5055 induxerunt.
