4638 5644
1152 181 1208 259 14

244 431 433 500 Polemonis
460 433 623 523 supposito
650 433 784 522 probare
811 431 989 512 studuisse,
1025 455 1059 497 se
1085 455 1154 498 esse
1177 455 1217 498 ex
1239 432 1388 520 Hagniao
1415 432 1538 499 familia
1562 432 1616 498 rix
1639 431 1838 499 crediderim.
1895 436 1958 502 llle
1981 438 2008 502 si
2031 437 2115 505 Isaei

247 563 325 624 orat.
350 557 407 622 XI
429 556 618 646 inspexerat,
643 559 745 623 multo
768 556 893 624 taeilius
917 556 1041 644 opinari
1063 555 1178 643 potuit,
1203 557 1288 643 quod
1308 557 1572 622 Westermaunus
1596 578 1722 642 quoque
1743 559 1898 638 coneedit,
1921 561 2000 628 haee
2020 565 2116 630 verba

248 679 290 746 ad
313 680 477 748 affinitatis
501 681 762 769 conjunctionem
783 679 984 768 Theopompi
1007 703 1080 746 eum
1103 701 1210 744 sorore
1234 679 1360 759 Stratii,
1388 679 1573 745 Polemonis
1596 701 1694 745 uxore
1722 686 1873 767 spectare.
1919 681 2058 752 Etiamsi
2079 686 2115 754 in

247 825 296 882 eo,
321 805 406 890 quod
421 805 512 870 nulla
527 803 712 870 Polemonis
735 804 842 870 fratris
863 801 898 867 in
914 801 1057 868 oratione
1080 800 1200 868 mentio
1224 803 1269 882 fit,
1294 803 1500 882 offendamus,
1526 809 1635 869 tamen
1657 825 1723 868 non
1746 803 1923 872 mirabilius
1938 813 1995 887 est,
2019 832 2115 895 quam

248 927 334 1014 quod
356 926 574 1015 Eupolemus,
611 927 666 1014 qui
693 927 728 992 in
754 930 775 1008 ξ
799 929 817 991 1
844 925 1047 1006 nominatur,
1082 948 1147 991 non
1172 925 1391 1026 eognosoimus
1414 926 1573 1013 quomodo
1596 924 1694 992 fuerit
1715 928 1907 1016 ἐπιτήδειος.
1964 931 2043 998 Fuit
2064 957 2114 1002 res

248 1049 381 1116 minoris
404 1050 568 1130 momenti,
592 1052 627 1116 in
646 1074 709 1136 qua
728 1055 835 1116 orator
856 1055 982 1137 tempus
1000 1047 1127 1115 dieendi
1147 1049 1314 1136 clepsydra
1326 1051 1350 1131 ¹)
1372 1049 1430 1114 illa
1451 1049 1594 1136 augeretis
1613 1049 1681 1137 jam
1705 1049 1821 1116 finibus
1841 1051 2114 1143 circumscriptum
2228 1083 2232 1095 ·

249 1172 301 1254 (ef.
325 1175 381 1256 §8
405 1178 465 1260 sq.)
493 1197 678 1240 oonsumere
707 1173 821 1240 noluit.
875 1173 1077 1240 Suffeeerunt
1100 1171 1197 1238 otiam
1219 1171 1403 1238 testimonia
1425 1173 1500 1238 fidei
1523 1174 1699 1239 Maoartato
1721 1174 1929 1260 abrogandae,
1954 1178 1981 1243 si
2001 1179 2114 1246 eodem

248 1294 391 1377 fortasse,
417 1320 479 1383 quo
502 1302 593 1384 pater
615 1297 782 1364 mendacio
805 1296 853 1364 uti
875 1297 982 1362 vellet.
1029 1295 1146 1362 Orator
1166 1319 1241 1383 ergo
1262 1295 1385 1362 animos
1402 1296 1548 1384 judicum
1570 1318 1801 1384 praeoccupare
1821 1297 1958 1365 voluisse
1976 1299 2112 1370 videtur.

249 1419 344 1487 Licet
366 1422 464 1486 verba
484 1420 520 1486 in
542 1424 563 1502 ὅ
586 1421 629 1486 29
652 1419 825 1486 referamus
848 1419 888 1486 ad
911 1419 954 1498 id,
978 1418 1063 1506 quod
1085 1419 1121 1485 in
1143 1417 1334 1486 testimoniis
1357 1419 1396 1484 de
1419 1417 1516 1484 lratre
1534 1418 1721 1485 Polemonis
1744 1424 1855 1500 exstat,
1879 1443 1982 1508 neque
2005 1429 2113 1492 tamen

251 1545 336 1610 hano
358 1545 398 1609 oh
420 1567 489 1610 rem
512 1542 696 1610 testimonia
717 1542 893 1610 secundum
914 1542 994 1608 haee
1015 1543 1113 1608 rerba
1133 1567 1153 1608 a
1175 1541 1303 1608 falsario
1333 1542 1509 1630 oomposita
1534 1542 1644 1607 haberi
1674 1543 1799 1609 debent.
1858 1543 1933 1630 Qua
1958 1545 2113 1614 affinitate

249 1667 477 1755 Theopompus
500 1689 572 1733 oum
595 1665 692 1732 fratre
714 1663 900 1731 Polemonis
923 1664 1112 1752 conjunctus
1132 1689 1200 1731 esse
1220 1665 1367 1744 voluerit,
1391 1673 1500 1734 utrum
1523 1671 1647 1752 patrem
1669 1689 1763 1733 suum
1786 1666 1890 1731 filium
1912 1667 1991 1754 ejus,
2015 1692 2057 1734 an
2080 1693 2114 1736 se

250 1789 356 1878 ipsum
386 1789 489 1854 filium
521 1788 590 1876 ejus
620 1812 685 1854 non
717 1788 861 1876 legitimo
893 1788 1097 1854 matrimonio
1129 1793 1241 1855 natum
1268 1787 1396 1868 leoerit,
1431 1787 1590 1854 affirmare
1617 1813 1682 1854 non
1709 1812 1886 1877 possumus.
1944 1791 2115 1858 Nonnulla

249 1912 329 1979 mihi
352 1912 499 1977 addenda
525 1917 601 1977 sunt
628 1910 668 1977 de
697 1910 832 1997 singulis
859 1909 1059 1978 testimoniis.
1114 1909 1218 1976 Primi
1241 1917 1337 1978 111111
1360 1910 1492 1977 tribules
1514 1911 1661 1998 Philagri
1683 1918 1716 1978 et
1737 1913 1924 1979 Polemonis
1946 1914 2111 1994 exsistunt,

250 2033 306 2122 qui
336 2057 408 2100 oum
439 2035 478 2100 do
500 2034 650 2121 Hagniae
672 2035 692 2098 Ι
718 2033 842 2100 familia
863 2057 928 2100 non
951 2041 1018 2100 tam
1041 2039 1221 2100 securatam
1243 2056 1339 2120 quam
1368 2035 1540 2123 propinqui
1562 2034 1710 2102 notitiam
1732 2036 1849 2101 habere
1871 2035 2010 2124 possint,
2041 2061 2111 2125 pro·

250 2159 382 2224 fitentur
404 2163 530 2224 tantum
552 2157 695 2224 habitam
717 2157 846 2244 quidem
869 2181 937 2224 esse
959 2157 1203 2244 Phylomaohon
1225 2179 1366 2224 sororem
1388 2157 1573 2225 Polemonis
1601 2163 1856 2248 (νομιζομένην).
1882 2197 1927 2208 -
1955 2159 2110 2241 Tertium,

138 2271 143 2280 ’
250 2281 306 2370 qui
333 2287 526 2370 sequuntur,
562 2281 695 2370 proavia
720 2279 890 2346 Polemoni
922 2281 1075 2368 patruelis
1104 2279 1175 2347 fuit.
1234 2280 1372 2348 Videtur
1398 2281 1515 2368 igitur,
1550 2305 1623 2348 oum
1653 2281 1867 2348 Eubulidisl
1897 2289 1931 2348 at
1958 2282 2112 2350 StratiiI

248 2403 386 2484 liberos,
422 2427 557 2491 quorum
583 2403 618 2470 in
646 2426 778 2469 numero
809 2403 924 2470 mulier
950 2404 1008 2470 illa
1035 2427 1100 2470 non
1128 2410 1195 2484 est,
1230 2403 1316 2471 Isaei
1344 2411 1377 2470 et
1405 2405 1652 2490 [Demosthenis]
1685 2404 1881 2471 orationibus
1912 2427 2022 2472 omnes
2053 2427 2112 2472 nos

250 2527 436 2614 cognovisse
459 2531 598 2592 statuere
620 2525 724 2604 lioeat,
749 2527 817 2592 tilia
838 2527 1001 2594 Habronis
1024 2528 1076 2594 vel
1099 2527 1251 2594 Oleooriti
1274 2527 1381 2594 fuisse.
1428 2529 1573 2596 Stemma
1594 2551 1669 2615 ergo
1692 2527 1823 2594 testium
1845 2528 1906 2592 hoe
1929 2535 1995 2594 est:

976 2649 1111 2717 Habron
1133 2652 1186 2717 rel
1210 2651 1388 2718 Oleooritus

1093 2879 1262 2945 Oenanthe

1063 3107 1262 3176 Stratonides
1275 3109 1299 3190 ²)

1060 3344 1150 3424 pater
1172 3336 1302 3401 testium

1134 3574 1240 3632 testes.

252 3689 358 3754 Testis
390 3688 503 3754 tertius
535 3713 569 3754 se
601 3695 736 3779 συγγενῆ
768 3689 918 3776 Hagniae
947 3697 980 3755 11
1009 3689 1164 3755 Eubulidi
1194 3689 1381 3766 nominans,
1418 3691 1576 3775 quomodo
1604 3689 1709 3754 affinis
1736 3689 1801 3754 illis
1829 3689 1888 3768 sit,
1921 3711 1986 3754 non
2014 3689 2112 3766 addit,

253 3813 338 3898 quod
361 3814 625 3879 Westermannus
654 3837 711 3900 pro
739 3814 873 3899 vestigio
900 3812 1020 3878 falsarii
1043 3814 1154 3889 hahet;
1191 3812 1268 3877 dicit
1290 3812 1375 3877 enirn
1400 3813 1420 3876 l.
1446 3837 1471 3878 o.
1493 3836 1570 3898 pag.
1598 3813 1661 3878 100
1689 3813 1745 3877 der
1769 3812 1933 3880 Verfasser
1955 3812 2115 3877 versteokt

254 3935 339 4013 sioh,
376 3959 425 4000 wo
454 3959 488 4000 er
515 3936 578 4000 den
609 3937 873 4023 genealogischen
904 3937 1015 4000 Faden
1048 3935 1138 4000 nieht
1169 3935 1396 4022 anzukniipfen
1427 3935 1538 4016 weiss,
1573 3933 1680 4000 hinter
1712 3937 1775 4001 den
1806 3959 1909 4022 regen
1941 3933 2113 4000 Ausdruok

253 4061 415 4148 συγγενής.
472 4059 595 4125 Tamen
617 4083 675 4125 neo
698 4060 827 4126 falsario
851 4059 981 4124 difficile
1008 4059 1070 4123 fuit
1092 4065 1215 4145 patrem
1237 4059 1289 4123 111
1313 4082 1408 4124 avum
1435 4059 1526 4124 testis
1549 4059 1657 4145 aliquo
1680 4059 1809 4123 nomine
1832 4060 1951 4143 fingere
1974 4069 2006 4122 11
2028 4058 2114 4124 huns

253 4183 431 4268 patruelem
452 4183 622 4247 Polemoni
651 4183 773 4262 facere,
809 4207 867 4248 neo
893 4182 1039 4269 judicum
1071 4183 1209 4247 multum
1238 4182 1402 4260 interluit,
1438 4193 1545 4248 utrum
1568 4181 1658 4248 testis
1686 4206 1718 4247 se
1746 4187 1882 4269 συγγενῆ
1905 4179 2115 4272 1111111111ιοῦ

254 4307 363 4374 παῖδα
387 4310 560 4393 Πολέμωνι
588 4307 770 4394 appellaret.
830 4305 925 4389 Quod
953 4306 1068 4370 attinet
1097 4305 1138 4390 ad
1167 4311 1315 4386 ἑαυτῶν,
1352 4307 1436 4392 quod
1466 4305 1500 4370 in
1531 4305 1713 4371 testimonio
1741 4303 1836 4391 hujus
1859 4307 1880 4385 ἕ
1902 4309 1935 4368 11
1957 4303 1990 4368 in
2015 4305 2114 4370 altero

254 4429 339 4511 §37
364 4433 397 4494 et
418 4427 475 4492 illo
498 4433 519 4510 ξ
541 4431 584 4493 45
608 4430 697 4495 testis
720 4429 799 4515 dicit
819 4451 877 4517 pro
900 4433 1023 4498 ἑαυτοῦ
1046 4453 1079 4494 11
1103 4429 1261 4515 simulque
1284 4453 1357 4495 suos
1380 4429 1493 4494 fratres
1516 4435 1549 4494 et
1571 4451 1693 4493 sorores
1716 4427 1923 4513 intellegens,
1952 4425 2115 4492 retulerim

254 4551 315 4616 hoo
345 4551 458 4630 adid,
494 4551 578 4637 quod
606 4557 626 4634 ὅ
650 4555 669 4617 8
697 4550 772 4618 dixi.
808 4591 850 4598 —
885 4553 1006 4633 TestiS,
1043 4552 1098 4638 qui
1126 4552 1284 4638 sequitur,
1320 4577 1353 4618 11
1384 4553 1486 4617 filium
1514 4551 1701 4638 adoptivum
1730 4549 1920 4616 Archiloohi
1951 4549 2115 4637 cujusdam

253 4673 424 4739 Polemoni
446 4673 616 4762 propinqui
639 4675 793 4740 nominat.
833 4675 1058 4763 Oonjeoturam
1073 4675 1214 4741 Dobraei
1238 4677 1293 4762 qui
1314 4699 1372 4763 pro
1395 4674 1582 4766 Ἀρχίλοχον
1602 4682 1634 4740 11
1658 4673 1742 4739 infra
1766 4673 1955 4764 Ἀρχιλόχου
1981 4671 2116 4736 seribere

416 4921 438 4989 ¹)
475 4922 634 4976 Testimonia
651 4931 742 4976 eontra
760 4940 820 4976 eum
837 4923 1006 4976 recitarentur
1024 4923 1096 4976 illam
1114 4923 1256 4976 cohibitam
1274 4939 1330 4976 esse
1351 4923 1413 4976 satis
1431 4931 1521 4976 notum
1540 4931 1587 4976 est.

415 5005 437 5078 ⁹)
473 5011 567 5064 Errure
585 5029 610 5063 1.
631 5010 657 5064 d.
679 5009 711 5064 de
730 5011 800 5065 Boor
817 5011 836 5064 l.
858 5027 881 5064 o.
902 5027 961 5079 pag.
985 5013 1036 5064 148
1055 5029 1149 5065 nornen
1168 5011 1214 5064 filii
1232 5009 1382 5064 oenanthea
1399 5010 1502 5063 omittit.
