4638 5644
1116 186 1171 264 15

207 445 310 512 voluit
331 443 531 533 Ἀρχίμαχον
554 447 587 506 et
607 437 825 530 Ἀρχιμάχου,
857 445 894 503 ut
922 437 964 504 sit
991 439 1088 503 homo
1115 437 1217 516 idem,
1246 435 1302 522 qui
1328 436 1363 502 in
1386 439 1407 517 5
1429 437 1473 500 45
1501 439 1780 513 commemoratur,
1808 435 2074 504 Westermannus

208 573 231 637 l.
256 595 282 637 c.
306 592 378 658 pag.
404 569 446 632 99
467 566 540 653 jure
563 562 723 628 refutavit.
759 601 801 608 -
838 562 943 628 'Pestis
966 561 1097 648 quintus
1119 561 1253 626 maritus
1276 560 1361 624 filiae
1386 559 1579 637 Callistrati,
1614 558 1674 622 filii
1697 558 1868 624 Eubulidis
1891 561 1911 625 I
1934 568 1966 628 et
1988 561 2073 630 filius

208 691 352 760 mulieris
375 697 432 769 est,
458 711 539 776 quas
561 687 665 775 neptis
681 685 845 751 Habronis
868 686 920 750 vel
937 684 1089 751 Oleocriti
1111 683 1209 751 fuisse
1230 684 1364 750 videtur.
1409 683 1553 750 Stemma
1573 706 1647 769 crgo
1667 683 1757 748 testis
1778 685 1838 750 hoc
1859 682 1993 750 fortasse
2009 691 2074 750 est:

1008 809 1280 874 Buselos

596 933 1127 970 ,....-...-..-ι

739 1005 917 1071 Eubulidas
941 1007 959 1070 1
1230 1007 1366 1070 Habron
1389 1005 1440 1069 vel
1465 1003 1642 1069 Oleocritus

1396 1108 1481 1281 filius

748 1323 949 1390 Callistratos
1436 1321 1440 1410 l

611 1465 1090 1500 -...-,...-...2
1334 1435 1434 1494 mater
1456 1428 1547 1494 testis

611 1554 1090 1590 ”·······’“-·“
1437 1534 1440 1622 l

610 1667 690 1712 uxor
705 1643 825 1723 Sosiae,
895 1667 974 1708 uxor
990 1643 1088 1709 testis.
1389 1639 1488 1706 testis.

312 1779 314 1784 ’
350 1793 389 1870 ’ξ
413 1791 463 1853 11.
510 1789 585 1854 Ηοο
607 1789 677 1853 loco
701 1785 780 1852 mih'i
804 1787 963 1873 agendum
987 1792 1036 1852 est
1058 1785 1098 1851 de
1121 1783 1314 1862 testimonio,
1346 1783 1431 1870 quod
1455 1783 1488 1848 in
1513 1781 1672 1848 codicibus
1696 1787 1790 1869 atque
1814 1782 1849 1848 in
1872 1783 1987 1850 nostris
2011 1783 2075 1850 edi·

210 1912 350 1979 tionibus
374 1917 394 1994 5
417 1915 460 1978 46
483 1910 658 1999 reperitur:

370 2064 544 2146 Μαρτυρεῖ
565 2055 623 2123 adv
646 2065 777 2144 πατέρα
801 2059 857 2142 τῆς
881 2057 1003 2122 ἑαυτοῦ
1025 2055 1145 2143 μητράς
1169 2033 1412 2143 Καλλίστρατον
1435 2049 1580 2138 άὸελςοόν
1603 2051 1691 2120 εἶναι
1706 2048 1891 2140 Εὕατήμονι
1913 2055 1961 2142 τρῖ
1981 2058 2075 2132 βασι·

208 2180 362 2249 λοάσαντι
384 2189 441 2246 ιιαῖ
469 2179 623 2268 Φιλάγρῳ
648 2181 695 2267 aql
718 2188 821 2266 πατρί
843 2180 891 2266 τῷ
912 2171 1126 2256 Εὐβουλίδου,
1159 2172 1321 2268 άνειμιοάς
1345 2175 1461 2244 δἐἶναι
1483 2177 1617 2254 τούτους
1641 2181 1813 2262 Πολέμωνι
1836 2179 1882 2264 aql
1906 2189 2008 2266 πατρὶ
2030 2181 2078 2268 τῷ

215 2300 340 2385 Ἅγνίου
363 2313 420 2370 καὶ
442 2303 624 2392 Χαριδήμῳ
648 2304 696 2392 τῷ
717 2311 819 2390 πατρὶ
841 2305 889 2390 τῷ
913 2302 1131 2388 Θεοπόμπου,
1164 2313 1221 2368 καῖ
1244 2297 1377 2370 άιιούειν
1402 2303 1458 2388 τῆς
1488 2301 1608 2388 μητρός
1635 2303 1691 2386 τῆς
1713 2303 1835 2367 ἑαυτοῦ
1861 2295 1912 2366 ὅτι
1935 2295 2076 2386 α’άελφάς

214 2421 253 2494 od
275 2437 399 2510 γένοιτο
425 2429 599 2512 Πολέμωνι
620 2429 668 2514 τῷ
690 2435 793 2514 πατρὶ
815 2429 863 2515 τῷ
887 2420 1023 2509 Ἁγνίου,
1049 2421 1174 2513 α’ὀελςοή
1198 2428 1234 2492 δὲ
1255 2436 1379 2508 γένοιτο
1397 2421 1586 2512 ὁμοπατρία
1611 2435 1667 2489 καὶ
1690 2419 1872 2512 ὁμομητρία
1897 2426 2076 2513 Φυλομάχη

208 2560 266 2615 καί
289 2551 414 2638 ταύτην
439 2552 539 2630 λάβοι
569 2551 631 2637 τήν
657 2549 859 2636 Φυλομάχην
885 2551 1063 2638 Φίλαγρος,
1094 2561 1151 2616 καὶ
1178 2561 1302 2634 γένοιτο
1331 2549 1368 2626 ἐξ
1396 2541 1509 2616 adacio
1531 2543 1731 2635 Εὖβουλίδης
1755 2544 1776 2613 o‘
1798 2549 1908 2635 πατήρ
1931 2544 1953 2614 o‘
1977 2551 2078 2616 Φυλο

208 2673 317 2760 μάχης
341 2673 397 2760 τῆς
421 2680 592 2739 Σωσιθέου
615 2673 778 2756 γυναικός.

372 2814 459 2878 Nam
487 2813 577 2878 testis
604 2811 743 2878 affirmat
769 2836 802 2880 se
830 2837 868 2878 ex
895 2821 996 2880 matre
1023 2838 1081 2880 sua
1106 2814 1265 2880 audivisse
1288 2814 1530 2898 Phylomachen
1558 2835 1698 2877 sororem
1725 2810 1909 2876 Polemonis
1943 2836 2011 2878 esse
2045 2819 2077 2879 et

211 2937 344 3004 fratrem
371 2937 468 3024 hujus
498 2960 563 3002 non
587 2937 753 3002 exstitisse.
808 2937 903 3022 Quod
927 2961 999 3005 cum
1028 2939 1124 3026 plane
1148 2944 1301 3023 congruat
1324 2959 1397 3002 cum
1421 2959 1458 3000 eo
1486 2937 1571 3022 quod
1600 2943 1696 3001 testes
1719 2939 1740 3016 5
1763 2937 1806 3000 35
1829 2974 1872 2982 -
1896 2939 1916 3016 5
1939 2937 1980 3000 37
2004 2961 2075 3025 pro-

209 3062 348 3140 fitentur,
374 3059 466 3125 valde
491 3055 691 3148 discrepata
713 3061 904 3127 testimoniis
927 3066 947 3144 5
969 3064 1013 3126 42
1036 3101 1079 3110 -
1103 3066 1123 3143 5
1145 3063 1198 3125 45.
1255 3060 1404 3140 Accedit,
1435 3059 1520 3146 quod
1543 3059 1646 3124 exitus
1672 3057 1847 3124 testimonii
1870 3060 1966 3146 hujus
1989 3060 2075 3127 idem

210 3194 258 3250 est
288 3208 324 3250 ac
353 3184 609 3250 testimoniorum
635 3188 656 3264 5
679 3187 721 3250 36
745 3190 778 3249 et
800 3189 820 3267 5
843 3187 900 3264 37,
935 3187 963 3250 1.
1019 3188 1133 3272 Itaque
1159 3183 1377 3250 testimonium
1405 3190 1479 3249 ante
1505 3187 1525 3264 5
1548 3185 1590 3248 38
1617 3182 1802 3270 ponendum
1825 3189 1881 3248 est.
1939 3183 2076 3252 Caussas

212 3314 319 3373 autem
334 3307 508 3394 quaerenti,
534 3307 686 3393 equibus
709 3307 928 3373 testimonium
950 3309 985 3373 in
1008 3309 1087 3388 loco,
1112 3331 1175 3395 quo
1198 3309 1233 3373 in
1254 3308 1414 3374 codicibus
1437 3307 1562 3394 legitur,
1587 3308 1728 3394 positum
1748 3307 1798 3386 sit,
1823 3307 1904 3372 duae
1920 3315 2075 3394 quantum

210 3430 303 3498 video
323 3431 427 3496 afferri
449 3437 592 3519 possunt.
640 3431 789 3497 Fortasse
813 3432 878 3510 ille,
902 3433 957 3519 qui
979 3433 1154 3498 testimonii
1178 3435 1284 3499 locum
1307 3431 1541 3510 transmutavit,
1565 3430 1599 3496 id
1617 3430 1748 3510 studuit,
1773 3437 1810 3496 ut
1826 3431 1966 3518 quinque
1990 3433 2076 3499 testi·

210 3555 319 3620 monia
341 3554 415 3618 inde
439 3579 458 3619 a
481 3555 562 3634 535
586 3562 618 3619 et
641 3555 781 3642 quinque
804 3580 912 3622 rursus
935 3556 1010 3622 inde
1034 3580 1053 3621 a
1075 3559 1154 3638 542
1177 3557 1367 3642 legerentur.
1413 3556 1585 3620 Praeterea
1607 3577 1725 3619 nomen
1744 3555 1962 3636 Euctemonis,
1991 3558 2077 3642 quod

209 3701 275 3743 non
298 3677 470 3764 reperitur,
503 3677 567 3742 nisi
589 3677 624 3740 in
647 3679 837 3746 testimoniis
860 3685 881 3762 5
903 3681 947 3746 42
971 3705 1038 3768 sqq.
1064 3680 1203 3746 effecisse
1226 3680 1368 3758 videtur,
1404 3686 1441 3745 ut
1463 3679 1528 3744 illis
1551 3681 1612 3744 hoc
1633 3677 1854 3743 testimonium
1877 3679 2075 3766 adjiceretur.

210 3801 276 3868 Sed
308 3803 366 3866 has
390 3823 515 3866 caussas
548 3798 630 3865 nihil
653 3802 759 3867 valere
784 3803 917 3890 quisque
948 3804 1123 3891 intelleget.
1181 3803 1277 3889 Quod
1305 3803 1420 3868 attinet
1449 3803 1489 3868 ad
1513 3801 1678 3868 affinitatis
1702 3802 1959 3889 conjunctionem
1986 3806 2076 3871 testis
2121 3781 2123 3786 Ι

212 3929 402 4010 cumgente
425 3921 539 3987 Buseli
562 3924 647 3990 filius
671 3933 719 3990 ast
745 3925 830 3992 filiae
854 3926 1040 3993 Callistrati.
1094 3929 1222 4012 Itaque,
1255 3927 1317 3992 nisi
1343 3925 1425 3992 forte
1449 3925 1634 3992 Callistrato
1660 3933 1786 4012 praeter
1812 3949 1942 3992 uxorem
1966 3927 2077 3995 Sosiae

211 4048 289 4113 duas
313 4047 410 4113 fuisse
434 4045 517 4112 filias
540 4051 678 4112 statuere
701 4048 851 4135 praefers,
875 4049 965 4116 testis
988 4051 1073 4116 filius
1097 4051 1158 4116 viri
1180 4049 1278 4127 illius,
1303 4050 1358 4134 qui
1381 4050 1600 4114 testimonium
1623 4072 1709 4115 nunc
1733 4049 1862 4136 quidem
1886 4053 2075 4118 antecedens

210 4171 300 4250 dicit,
325 4170 554 4236 existimandus
578 4176 641 4248 est,
674 4194 754 4257 quae
777 4195 827 4238 res
850 4173 891 4238 ad
914 4175 1058 4239 ordinem
1080 4170 1352 4252 testimoniorum,
1386 4197 1482 4259 quam
1506 4197 1564 4260 ego
1588 4173 1753 4262 proposui,
1785 4174 1918 4240 fortasse
1942 4173 2077 4262 alicujus

211 4295 367 4359 momenti
395 4301 452 4360 est.

370 4421 391 4498 5
416 4419 466 4480 12.
513 4417 707 4504 Progredior
729 4420 770 4484 ad
793 4426 943 4507 quattuor
965 4420 1175 4502 testimonia,
1193 4446 1273 4508 quae
1296 4428 1472 4509 sequuntur
1494 4424 1569 4489 inde
1593 4447 1611 4488 a
1633 4428 1654 4505 5
1675 4425 1729 4488 42.

369 4541 396 4604 Ι.
444 4551 619 4633 Μαρτυρεῖ
648 4548 800 4633 συγγενής
830 4545 917 4613 εἶναι
948 4550 1119 4634 Πολέμωνι
1149 4553 1197 4638 τῷ
1224 4546 1348 4629 Ἁγνίου
1378 4559 1497 4636 πατρὶ,
1532 4560 1588 4615 καὶ
1615 4544 1747 4618 α’κούειν
1779 4553 1836 4616 τοῦ
1864 4549 1990 4637 πατρος
2018 4552 2077 4615 Ιτοῦ

209 4669 331 4734 ἑαυτοῦ
358 4662 519 4756 desparata
544 4665 631 4735 εἶναι
657 4670 693 4736 ἐκ
716 4670 960 4757 πατραδέλφων
979 4673 1150 4757 Πολέμωνι
1175 4674 1342 4761 Φίλαγρόν
1371 4699 1406 4738 τε
1429 4673 1488 4740 τάν
1511 4669 1711 4751 Ειῖβουλίδου
1736 4683 1866 4761 πατέρα
1891 4683 1948 4738 καὶ
1972 4680 2076 4740 Φανο
2163 4759 2170 4774 ι

210 4789 351 4877 στράτην
373 4791 433 4877 την
456 4797 615 4880 Στρατίου
639 4799 810 4881 θυγατέρα
834 4805 891 4860 ιιαῐ
916 4797 1158 4884 Καλλίστρατον
1185 4799 1244 4863 τάν
1273 4805 1404 4885 πατέρα
1428 4803 1484 4884 τῆς
1508 4803 1676 4863 Σωσιθέου
1700 4797 1854 4879 γυναικάς
1877 4805 1934 4863 καὶ
1956 4791 2077 4884 Educet-

209 4939 295 4996 μονα
324 4913 382 4979 τάν
411 4915 657 4991 βασιλεύσαντα
684 4928 741 4982 ιιαλ
763 4919 957 5006 Χαρίᾷημον
983 4921 1042 4988 τδν
1069 4929 1200 5008 πατέρα
1231 4921 1289 4988 τάν
1314 4921 1517 5006 Θεοπόμπου
1545 4931 1601 4987 καὶ
1624 4924 1877 5008 Στρατοκλέους,
1909 4931 1966 4987 καὶ
1989 4919 2077 4990 εἶναι

209 5047 274 5111 τοῖς
298 5036 422 5104 τούτων
444 5043 525 5104 υἱέσι
547 5049 605 5104 καί
627 5035 737 5131 Ἀγνίη
762 5041 799 5109 ἒν
821 5044 868 5132 aqi
885 5037 979 5134 αὖτηῖ
1001 5053 1087 5125 γένει
1108 5038 1312 5131 Εὐβουλίδην
1334 5045 1421 5110 κατά
1446 5045 1504 5110 τάν
1526 5053 1658 5132 πατέρα
1680 5045 1738 5110 τάν
1758 5046 1879 5111 ἑαυτοῦ
1898 5047 2073 5134 Φίλαγρον,

1864 5151 1881 5200 2
