4638 5644
1165 217 1222 298 30

258 475 343 542 filias
366 477 457 542 orbas
480 473 635 540 collocare
658 472 775 552 voluit,
804 472 860 538 sed
882 495 940 559 pro
964 494 1022 538 sua
1044 493 1201 558 quemque
1224 493 1258 534 re
1281 467 1441 536 familiari.
1494 466 1841 534 Pentecosiomedimni
1867 466 1966 555 igitur
1988 476 2044 534 aut
2066 469 2126 550 illi,

259 599 316 684 qui
344 597 514 684 quotannis
542 597 703 662 aridorum
732 594 894 662 fructuum
921 593 1099 660 medimnos
1127 593 1304 680 quingenos
1326 593 1379 658 vel
1401 565 1595 678 liquidorum
1624 599 1773 658 metretas
1797 591 1931 657 totidem
1953 595 2126 672 metebant,

259 723 469 808 quingentas,
505 720 645 807 equites,
682 719 797 805 quibus
819 719 940 786 treceni
969 717 1122 784 medimni
1146 723 1202 783 aut
1227 722 1379 784 metretae
1402 717 1566 794 redibant,
1602 721 1778 794 trecentas,
1815 715 1977 802 zeugitae,
2013 717 2127 802 quibus

260 845 387 912 centeni
421 842 637 931 quinquageni
669 865 816 929 agrorum
849 848 917 909 erat
948 842 1090 921 reditus,
1129 846 1258 908 centum
1289 839 1521 926 quinquaginta
1550 840 1716 906 drachmas
1744 839 1829 906 filiae
1856 839 2065 906 hereditariae
2092 841 2127 906 in

260 960 451 1059 paupertate
474 969 603 1034 relictae
627 967 802 1032 solvebant.
850 967 922 1032 Hac
945 965 1115 1055 praecipue
1138 965 1208 1050 lege
1232 963 1321 1029 nisus
1343 963 1527 1030 Boeckbius
1549 965 1571 1028 1.
1592 988 1618 1030 c.
1643 965 1681 1030 H
1708 988 1780 1052 pag.
1793 965 1836 1028 29
1859 987 1926 1049 sqq.
1952 962 2086 1049 zeugitis
2108 989 2128 1029 a

264 1094 385 1162 Solone
410 1092 478 1181 jam
507 1114 559 1156 eos
588 1090 761 1177 adscriptos
791 1113 876 1168 esse,
912 1091 1027 1176 quibus
1051 1093 1179 1156 centum
1202 1061 1435 1174 quinquaginta
1463 1094 1589 1154 tantum
1624 1087 1777 1154 medimni
1801 1111 1818 1152 e
1841 1086 1949 1152 fundis
1977 1087 2125 1168 redirent,

260 1240 364 1304 neque
393 1215 539 1282 ducentis
568 1237 648 1302 opus
680 1213 797 1292 brisso,
832 1218 870 1278 ut
900 1213 1064 1278 Plutarch.
1097 1210 1205 1279 Solon.
1237 1217 1319 1298 capt.
1353 1212 1393 1276 18
1407 1213 1430 1294 ¹)
1461 1218 1494 1277 et
1522 1212 1605 1276 Poll.
1639 1211 1745 1292 VIH,
1784 1212 1884 1294 130⁹)
1917 1210 2125 1290 tradiderunt,

260 1343 392 1430 probare
416 1338 539 1407 studuit
562 1337 709 1403 omnibus
731 1335 797 1402 iere
820 1335 898 1402 viris
921 1335 1021 1402 doctis
1045 1335 1290 1402 assentientibus
1312 1339 1438 1421 praeter
1454 1332 1619 1413 Groteum,
1644 1334 1768 1419 history
1792 1333 1828 1400 of
1838 1332 1962 1400 Graece
1986 1335 2048 1398 vol.
2070 1335 2127 1400 Π]

259 1487 332 1552 pag.
360 1466 437 1544 119,
474 1469 584 1529 contra
611 1483 707 1547 quem
734 1459 773 1526 cf.
799 1460 990 1527 Sohbmsnn.
1015 1457 1413 1544 Verfassungsgeschichte
1437 1459 1564 1526 Athens
1591 1482 1662 1546 pag.
1689 1459 1731 1524 22
1759 1481 1804 1544 sq.
1840 1497 1883 1506 —
1918 1457 1987 1522 Dos
2009 1479 2084 1521 vero
2108 1482 2128 1522 0

259 1587 447 1675 propinquis
477 1586 563 1652 filiae
592 1582 930 1650 hereditariaedanda
953 1587 1022 1648 erat
1047 1585 1130 1673 πρὸς
1153 1582 1200 1657 οἷς
1226 1578 1344 1670 αὐτῆς,
1380 1605 1460 1667 quae
1483 1582 1580 1646 verba
1603 1605 1642 1646 ex
1666 1581 1804 1649 Solones
1827 1580 1956 1666 quidem
1978 1579 2127 1646 dictionis

259 1711 416 1778 brevitate
440 1710 540 1789 dieta,
576 1731 642 1774 non
671 1715 779 1774 tamen
803 1730 875 1772 cum
898 1706 1041 1772 Frankio
1064 1707 1086 1771 l.
1112 1729 1138 1770 e.
1162 1705 1296 1770 obscura
1322 1705 1468 1771 habenda
1491 1711 1574 1771 sunt.
1634 1703 1826 1790 Significant
1848 1702 1930 1769 nihil
1954 1703 2042 1770 aliud
2064 1703 2126 1769 nisi

260 1838 344 1927 πρὸς
367 1838 492 1910 τούτοις
517 1831 543 1902 οἳ
565 1827 669 1922 001τῆ0
695 1833 773 1910 ἔστι,
797 1830 832 1896 id
855 1835 904 1895 est
925 1835 1051 1917 praeter
1073 1852 1120 1907 ea,
1145 1825 1951 1916 00001001001010110110101.1101010001).
1998 1825 2127 1894 Gradus

260 1964 384 2038 autem,
413 1981 475 2043 quo
499 1956 614 2042 aliquis
638 1954 812 2042 epiolerum
836 1952 982 2040 contigit,
1014 1951 1127 2018 eodem
1149 1957 1232 2018 certe
1255 1953 1349 2018 modo
1373 1951 1598 2031 definiebatur,
1629 1974 1691 2038 quo
1714 1951 1830 2038 gradus
1854 1951 1893 2016 ad
1917 1951 2126 2018 hereditatem

261 2081 487 2169 accipiendam.

421 2204 458 2273 Si
481 2205 588 2292 plures
610 2201 782 2291 propinqui
804 2201 905 2266 filiam
926 2198 1151 2266 hereditariam
1171 2200 1284 2266 eodem
1305 2199 1405 2286 gradu
1426 2179 1625 2286 contingunt,
1650 2199 1768 2286 singuli
1791 2221 1849 2286 pro
1869 2205 1938 2264 rata
1957 2199 1997 2264 ad
2018 2199 2125 2264 dotem

261 2327 448 2396 conservanto
461 2329 495 2412 ³).
527 2367 569 2376 —-
604 2325 755 2393 Dubitari
777 2329 898 2412 potest,
934 2347 1072 2410 quonam
1095 2323 1189 2389 modo
1212 2324 1310 2390 verba
1332 2325 1414 2413 πρὸς
1438 2335 1534 2414 μέρος
1557 2321 1774 2410 intellegenda
1796 2321 1931 2401 inerint,
1968 2321 2126 2409 siplures

261 2451 389 2539 cognati
412 2451 524 2518 eodem
547 2450 678 2536 quidem
699 2449 800 2536 gradu
823 2472 895 2514 cum
918 2447 1056 2534 epiclero
1080 2447 1217 2533 quadam
1240 2446 1415 2534 conjuncti,
1446 2470 1513 2514 non
1535 2453 1642 2512 autem
1668 2446 1703 2512 in
1726 2445 1837 2512 eadem
1861 2448 1961 2513 alasse
1980 2446 2125 2526 inerunt,

260 2581 389 2655 utrum,
425 2576 453 2641 si
486 2575 624 2662 exempli
656 2573 759 2661 gratia
790 2579 854 2638 tres
884 2571 1055 2659 propinqui
1084 2569 1184 2636 filiam
1214 2569 1439 2636 hereditariam
1466 2571 1578 2636 eodem
1607 2569 1707 2656 gradu
1737 2569 1955 2654 contigerunt,
1992 2593 2126 2655 qnorum

260 2698 382 2786 primus
406 2721 444 2764 ex
467 2696 831 2786 pentacosiomedimnis,
856 2697 937 2762 alter
958 2719 998 2760 ex
1017 2694 1184 2780 equitibus,
1209 2695 1322 2760 tertius
1341 2719 1359 2760 e
1379 2693 1513 2788 aeugitis
1533 2698 1609 2771 erat,
1634 2692 1851 2778 unusquisque
1871 2714 1980 2756 eorum
1998 2692 2126 2758 tertiam

175 2915 177 2920 ,
261 2828 385 2910 partem
410 2821 477 2908 ejus
501 2823 624 2888 solvere
647 2822 805 2900 debuerit,
837 2820 921 2905 qnod
944 2843 1019 2886 snae
1042 2818 1136 2885 classi
1158 2819 1363 2906 praeceptum
1386 2823 1466 2895 erat,
1498 2823 1534 2882 ut
1556 2817 1624 2882 filia
1649 2816 1707 2883 illa
1730 2821 1886 2882 trecentas
1910 2815 2127 2901 septendecim

261 2946 327 3012 iere
352 2947 517 3012 drachmas
541 2945 707 3033 acciperet,
732 2967 773 3009 an
795 2942 864 3009 filia
884 2943 928 3022 id,
956 2942 1041 3028 quod
1062 2941 1425 3030 pentacosiomedimnns
1449 2941 1591 3020 debebat,
1616 2940 1804 3028 adoptauit,
1828 2938 2000 3027 propinqui
2019 2945 2126 3006 autem

261 3071 323 3136 hoo
346 3093 403 3158 pro
426 3075 496 3135 rata
524 3069 609 3135 inter
631 3092 664 3134 se
692 3067 859 3134 diviserint
887 3067 946 3146 ita,
978 3071 1015 3132 ut
1040 3065 1076 3130 10
1101 3067 1162 3132 hoo
1186 3066 1329 3153 exemplo
1355 3063 1719 3152 pentacosiomedimnns
1742 3064 1861 3142 decies,
1894 3085 1990 3148 eques
2013 3062 2124 3142 sexies,

263 3193 403 3280 neugites
426 3199 475 3258 ter
497 3199 621 3281 partem
640 3190 911 3257 undevicesimum
934 3191 1180 3278 quingentarum
1196 3190 1418 3255 drachmarum
1441 3188 1579 3254 solveret
1602 3189 1680 3270 <500
1694 3213 1702 3256 ι
1715 3189 1802 3264 300:
1818 3187 1880 3251 150
1892 3216 1935 3242 =
1951 3186 1991 3250 10
2004 3212 2012 3256 z
2026 3189 2046 3250 0
2059 3211 2067 3254 :
2081 3187 2125 3268 3).

262 3316 346 3383 Mihi
372 3315 502 3402 quidem
532 3317 593 3382 hoc
622 3315 739 3382 rectius
763 3338 796 3382 se
825 3315 941 3380 habere
964 3314 1108 3393 videtur;
1143 3337 1219 3380 nam
1241 3312 1389 3399 iniquum
1411 3317 1496 3378 certa
1519 3310 1647 3390 1010001,
1683 3311 1710 3377 si
1733 3311 1801 3376 filia
1824 3311 1916 3389 orba,
1953 3331 2034 3395 quae
2058 3310 2126 3375 solo

263 3439 609 3529 pentacosiomedimno
641 3461 679 3503 ex
709 3438 895 3526 propinquis
924 3437 1092 3526 superstite
1116 3437 1306 3524 quingentas
1329 3437 1494 3502 drachmas
1524 3435 1714 3523 accipiebat,
1749 3433 1855 3500 minus
1881 3431 2126 3521 impetravisset,

264 3566 467 3653 cumplures
491 3562 618 3650 cognati
641 3561 747 3628 officio
770 3561 854 3628 dotis
878 3561 1001 3628 dandae
1024 3561 1251 3628 satisfacerent.
1299 3558 1594 3645 Quomodoonnque
1619 3561 1726 3624 autem
1748 3580 1798 3623 res
1826 3580 1859 3622 se
1881 3557 2026 3634 habehat,
2059 3556 2127 3622 sine

265 3688 361 3756 dubio
385 3686 614 3754 consuetudine
637 3692 670 3753 et
692 3709 752 3752 000
775 3686 948 3753 constituta
971 3693 1047 3752 erat.
1084 3725 1126 3732 -
1162 3683 1284 3770 Quodsi
1308 3683 1457 3748 mulieres
1486 3683 1594 3769 plures
1621 3681 1702 3760 sint,
1739 3705 1779 3746 ne
1802 3703 1930 3746 necesse
1955 3679 1996 3744 sit
2019 3678 2128 3764 generi

263 3813 372 3900 plures
395 3835 460 3877 una
483 3811 647 3890 collocare,
672 3809 728 3876 sed
750 3833 865 3896 genere
887 3809 1051 3898 proximus
1073 3813 1131 3874 aut
1148 3808 1301 3873 collocato
1326 3811 1381 3871 aut
1400 3803 1517 3871 ducito.
1558 3804 1610 3871 De
1632 3806 1694 3871 hoc
1716 3805 1796 3890 legis
1819 3807 1988 3891 praecepto
2008 3801 2053 3866 K.
2070 3802 2125 3866 Fr.

264 3937 473 4002 Hermannus
495 3935 531 4002 in
547 3933 735 4002 zeitschrift
753 3933 806 4000 fiir
826 3935 877 4000 die
895 3934 1140 4000 Alterthumsvv.
1167 3932 1253 3996 1840
1270 3931 1304 3996 N
1306 3952 1334 3994 o.
1350 3931 1370 3994 2
1393 3952 1464 4016 pag.
1478 3929 1521 3993 23
1545 3934 1696 3994 annotat:
1735 3928 1782 3992 Es
1809 3927 1852 3992 ist
1874 3924 1945 3991 eine
1969 3924 2128 3990 offenbare

263 4059 567 4147 Ungerechtiglreit‚
604 4059 691 4138 dass,
727 4081 822 4124 vvenn
849 4059 920 4124 eine
950 4056 1094 4122 einzelne
1122 4077 1208 4120 arma
1235 4056 1408 4144 ἐπίκληρος
1435 4075 1499 4118 von
1529 4053 1697 4118 mehreren
1725 4049 1943 4120 Verwandten
1971 4071 2028 4135 pro
2059 4053 2129 4113 rata

264 4188 474 4270 ansgestattet
494 4181 584 4263 vvird,
612 4183 775 4250 disselben
797 4183 889 4260 auch,
916 4203 965 4246 wo
988 4180 1132 4246 mehrere
1155 4179 1263 4244 solche
1284 4191 1436 4262 γυναῖκες
1461 4176 1646 4244 vorhandsn
1674 4174 1754 4254 sind,
1783 4199 1845 4239 nur
1868 4173 1939 4238 eine
1962 4172 2129 4239 derselben

427 4501 447 4571 ¹)
497 4503 554 4566 Quo
581 4503 640 4556 loco
675 4493 931 4573 συναμφοτέρων
965 4483 1187 4560 διαδικοσίων,
1228 4515 1386 4566 quamquam
1416 4498 1444 4550 in
1474 4497 1607 4551 codicibus
1631 4504 1731 4562 exstet,
1768 4489 1962 4562 τριακοσίων
1991 4489 2129 4560 legendum

266 4608 323 4646 esse
345 4599 461 4660 apparet.

425 4695 447 4766 ¹)
490 4697 523 4750 In
547 4697 590 4764 iis,
619 4713 687 4764 quae
704 4695 801 4749 Pollux
825 4696 858 4748 de
880 4695 1005 4749 classibus
1023 4694 1117 4747 civium
1135 4692 1225 4761 docet,
1253 4694 1319 4745 01100
1337 4710 1441 4761 quoque
1458 4709 1557 4746 errores
1579 4692 1663 4745 inesse
1680 4689 1828 4744 Boechhius
1846 4689 1865 4741 1.
1887 4705 1910 4740 o.
1932 4686 2126 4740 demonstravit.

265 4787 368 4854 Reliqui
393 4785 570 4854 lexicographi
595 4794 641 4839 aut
664 4785 730 4838 nihil
752 4785 803 4838 hac
821 4785 854 4838 de
879 4801 907 4837 re
932 4783 1044 4838 afferunt
1061 4790 1108 4836 aut
1132 4782 1313 4836 annotationes
1336 4799 1441 4850 pmrsus
1459 4780 1582 4834 consume
1599 4781 1670 4834 velut
1692 4778 1801 4846 Suidaa,
1831 4777 1875 4845 qui
1893 4783 2016 4843 quattuor
2034 4774 2130 4828 classes

264 4875 383 4928 nominat
400 4891 420 4928 e.
441 4893 466 4926 v.
489 4863 600 4932 ἱππεῖς
623 4873 751 4940 (etiams.
771 4892 796 4925 v.
818 4855 854 4923 ἔκ
873 4856 1081 4944 τιμημάτων)
1100 4879 1191 4939 postea
1209 4879 1295 4923 autem
1314 4870 1341 4922 in
1359 4869 1449 4922 eadem
1468 4868 1637 4921 annotatione
1656 4865 1890 4934 0000100001ὶαὶ1.

423 4977 446 5048 ⁸)
481 4979 522 5033 De
539 4979 607 5034 salsa
623 4980 734 5033 lectione
756 4962 819 5029 δᾶν
841 4963 877 5028 δὲ
899 4963 944 5049 μή
968 4963 1099 5036 πλείους
1125 4953 1220 5037 derv,
1250 4993 1329 5044 quam
1347 4992 1436 5028 omnes
1454 4974 1557 5028 codices
1577 4973 1717 5043 praebent,
1746 4971 1780 5025 cs.
1803 4968 1936 5025 Sohaefer.
1957 4987 2048 5038 appar.
2070 4969 2127 5022 crit.

264 5087 291 5122 a.
312 5069 340 5122 h.
364 5070 382 5122 l.
404 5077 472 5122 etv.
494 5068 520 5121 d.
542 5067 575 5121 de
592 5067 663 5122 Boor
680 5069 698 5120 l.
721 5083 744 5121 0.
765 5085 825 5136 pag.
847 5070 891 5122 81.

2166 5051 2173 5062 -

2296 5151 2303 5324 t

2157 5385 2303 5484 ·v
