4638 5644
1179 173 1232 252 18

264 423 367 490 morit
389 423 629 491 Schoemannus
653 424 693 489 ad
715 424 844 488 Isaeum
867 447 937 510 pag.
960 424 1024 489 448
1049 430 1156 490 annot.
1182 425 1229 490 H.
1276 427 1398 506 Affero‚
1424 450 1504 514 quae
1527 429 1654 516 scripsit
1676 431 1736 496 hac
1758 431 1798 496 de
1821 454 1870 496 re:
1896 431 2074 511 „Stratium
2096 433 2134 498 H

263 571 329 613 non
358 547 456 613 fuisse
488 548 618 612 fratrem
634 546 848 634 Theopompi
878 547 955 613 satis
988 547 1194 614 manifestum
1220 555 1270 614 est
1297 575 1335 615 ex
1362 573 1419 630 eo,
1455 552 1540 636 quod
1571 551 1623 618 hic
1651 553 1801 640 Hagniae
1831 560 1983 632 matrem,
2021 555 2133 622 Stratii

261 693 415 750 sororem,
447 693 512 736 non
535 693 627 736 suam
653 670 820 757 ipsumque
845 669 1002 736 Stratium
1025 672 1168 738 mulieris
1195 672 1284 740 illius
1307 673 1438 740 fratrem
1461 698 1526 741 non
1548 699 1644 741 suum
1666 682 1759 742 vocat
1790 678 1884 759 (Isae.
1909 679 1980 756 XI,
2010 680 2044 756 8,
2076 680 2159 773 173¹

262 797 328 879 20).
374 795 499 860 Eodem
522 800 629 860 tamon
654 793 810 862 Stratium
834 799 928 880 atque
952 794 1198 884 Theopompum
1221 797 1420 884 cognationis
1442 798 1542 885 gradu
1566 799 1730 885 Hagniam
1753 801 1896 886 attigisse
1920 807 2067 890 apparet,
2095 807 2132 866 ut

261 925 368 984 essent
397 919 481 984 inter
510 942 544 984 se
575 917 767 1010 α’νεψιαόοῖ.
814 916 889 986 Vid.
914 921 935 1000 5
958 920 988 983 8.
1035 919 1141 1005 Igitur
1168 920 1280 987 Stratii
1311 944 1437 1008 quoque
1459 927 1584 1009 patrem
1606 922 1755 1010 Hagniae
1784 924 1899 1012 patris,
1935 926 2129 1004 Polemonis,

261 1039 407 1133 α’νεψιόν
434 1044 531 1108 fuisse
562 1047 705 1130 oportet:
741 1042 846 1107 filium
876 1042 983 1128 itaque
1015 1042 1110 1108 unius
1139 1067 1178 1108 ex
1209 1043 1348 1130 quinque
1372 1045 1485 1110 Buseli
1513 1045 1597 1110 filiis.
1654 1047 1727 1112 Iam
1753 1071 1828 1113 vero
1855 1072 1959 1136 neque
1982 1049 2130 1136 Hagniae

262 1166 391 1254 majoris
418 1191 522 1252 neque
545 1165 717 1231 Eubulidis
744 1166 873 1253 majoris
900 1164 1004 1231 filium
1027 1189 1100 1230 eum
1124 1166 1222 1234 fuisse
1245 1173 1387 1234 constat:
1418 1169 1475 1234 sed
1497 1191 1537 1234 ne
1561 1169 1724 1237 Habronis
1747 1171 1876 1257 quidem
1900 1179 1956 1238 aut
1979 1172 2131 1240 Oleocriti

260 1289 364 1356 filium
397 1289 495 1355 fuisse
530 1289 670 1356 ostendit
703 1291 794 1356 locus
822 1289 1051 1356 Demosthenis
1085 1297 1142 1356 ctr.
1173 1292 1304 1357 Macart.
1337 1293 1444 1373 520,
1480 1292 1535 1357 ubi
1562 1293 1610 1372 ie,
1647 1294 1703 1380 qui
1730 1294 1906 1362 orationem
1933 1296 2049 1361 habat.
2067 1349 2073 1362 .
2090 1349 2096 1361 .
2112 1349 2128 1376 .,

260 1413 423 1480 neminem
447 1438 485 1479 ex
507 1414 638 1478 iliorum
660 1412 794 1501 posteris
817 1414 857 1478 de
878 1414 1028 1501 Hagniae
1051 1414 1227 1480 hereditate
1247 1416 1496 1481 controversiam
1518 1415 1655 1482 movisse
1674 1417 1847 1484 Eubulidis
1870 1419 1963 1506 stirpi
1985 1424 2128 1484 testatam.

260 1539 376 1604 Restat
409 1537 527 1624 igitur,
563 1543 600 1602 ut
630 1535 741 1604 Stratii
772 1535 857 1602 filius
891 1537 989 1604 hierit
1003 1590 1008 1603 .
1024 1591 1030 1604 .
1047 1590 1075 1604 ..
1133 1537 1237 1624 Atqui
1264 1540 1360 1627 hujus
1389 1562 1472 1604 unus
1500 1543 1626 1604 tanturn
1655 1539 1739 1606 filius
1772 1541 1870 1607 fuisse
1899 1541 2015 1608 dicitur
2045 1542 2130 1630 apud

261 1663 429 1728 Demosth.
455 1663 476 1727 l.
501 1663 522 1727 1.
547 1666 568 1744 5
591 1663 650 1740 22,
688 1660 900 1727 Charidemus
923 1667 956 1727 et
978 1662 1045 1728 filia
1067 1685 1144 1740 una,
1176 1664 1399 1728 Phanostrata.
1446 1661 1535 1746 Quid
1556 1662 1680 1748 igitur?
1713 1664 1810 1752 hujus
1834 1689 1874 1730 ne
1897 1666 2128 1731 Phanostratae

259 1785 364 1851 filium
391 1786 489 1852 firisse
518 1785 659 1851 dicamus
687 1784 843 1852 Statium
871 1791 1015 1852 nostrum
1045 1786 1229 1852 secundum.
1287 1786 1401 1851 Fuerit
1427 1809 1504 1852 sane
1532 1785 1630 1852 etiam
1657 1786 1703 1852 sie
1729 1787 1878 1874 Hagniae
1907 1785 2126 1877 όνεψιαόοῦς,

259 1933 372 1975 rerum
395 1933 413 1975 a
436 1916 546 1988 matre,
571 1932 636 1975 non
660 1933 678 1975 a
701 1916 800 1998 patre,
830 1915 866 1976 ut
889 1910 1063 1978 Stratocles
1087 1914 1119 1976 et
1142 1911 1386 1997 Theopompus:
1415 1933 1518 1996 neque
1541 1910 1640 1996 igitur
1663 1934 1727 1976 una
1750 1935 1823 1976 cum
1845 1911 1896 1976 his
1918 1909 2128 1976 hereditatem

259 2033 408 2120 Hagniae
431 2041 539 2122 petere
559 2035 664 2121 potuit
684 2034 859 2099 secundum
882 2033 995 2120 legem,
1022 2056 1103 2119 quae
1123 2034 1215 2121 jubet
1235 2058 1253 2099 e
1273 2034 1415 2120 cognatis
1436 2034 1579 2122 ejusdem
1601 2036 1718 2121 gradus
1736 2050 1869 2125 κρατεῖν
1889 2037 1965 2112 τούς
1987 2032 2127 2124 όῖῤῥτνας

258 2169 316 2224 καὶ
338 2160 416 2236 τούς
439 2161 475 2226 ἐκ
497 2164 565 2229 τῶν
588 2155 745 2248 α’ῥρίνοον.
791 2157 841 2222 At
862 2157 949 2223 enim
972 2158 1186 2224 Phanostrata
1207 2158 1265 2223 illa
1287 2157 1322 2222 in
1343 2158 1594 2224 Phanostratum
1616 2157 1743 2236 mutari,
1768 2182 1808 2224 ex
1830 2159 1964 2224 muliere
1987 2156 2036 2222 vir
2059 2155 2128 2222 fieri

261 2281 356 2348 debet
379 2283 491 2370 optimi
513 2282 631 2348 codicis
653 2282 838 2368 Augustani
860 2281 957 2371 primi
986 2283 1075 2366 [etr]
1100 2280 1302 2361 auctoritate,
1334 2281 1368 2346 in
1395 2304 1457 2368 quo
1486 2282 1576 2348 locus
1605 2281 1781 2369 ille'quem
1807 2281 1901 2347 modo
1928 2279 2128 2348 laudavimus

258 2405 305 2471 ita
327 2407 462 2494 scriptus
486 2413 535 2472 est
561 2412 622 2475 τοῦ
645 2409 681 2475 δὲ
704 2415 866 2496 Στρατίου
890 2405 1017 2488 (Stratii
1039 2405 1147 2493 primi)
1170 2409 1321 2491 ἐγένοντο
1345 2411 1407 2473 τοῦ
1430 2402 1577 2492 οἷόελφοῦ
1599 2410 1660 2475 τοῦ
1683 2404 1811 2490 Ἁγνίου
1835 2405 1996 2491 (Hagniae
2020 2403 2127 2492 primi)

262 2534 499 2620 Φανόστρατος
523 2542 580 2598 καί
602 2532 804 2620 Χαρίδημος.
852 2530 904 2596 Ita
927 2529 1035 2595 omnia
1058 2531 1154 2616 plana
1181 2531 1294 2596 fiunt.“
1324 2568 1367 2576 —
1395 2530 1515 2594 Facere
1538 2553 1604 2594 non
1626 2551 1757 2618 possum
1780 2529 1859 2616 quin
1881 2527 2036 2594 assentiar
2058 2528 2127 2593 uiro

259 2656 353 2721 docto
377 2661 410 2720 et
435 2654 600 2742 repudiem
624 2653 733 2720 Oaroli
760 2653 799 2718 da
823 2654 911 2718 Boor
940 2653 1150 2732 sententiam,
1187 2652 1243 2739 qui
1270 2654 1291 2717 l.
1317 2677 1342 2718 c.
1372 2677 1444 2740 pag.
1469 2654 1620 2732 62-64,
1655 2676 1848 2739 σταυροῦται
1872 2651 2038 2719 Sositheus
2066 2653 2126 2716 hoc

259 2783 367 2866 aperte
391 2783 423 2843 et
446 2777 594 2843 distincte
616 2784 721 2864 negat,
749 2783 857 2844 tamen
881 2777 1044 2842 Habronis
1068 2777 1119 2841 rel
1143 2775 1296 2842 Olaocriti
1318 2776 1431 2856 filium,
1461 2800 1556 2862 quem
1580 2775 1656 2842 facit
1678 2775 1834 2843 Stratium
1857 2776 1896 2840 H
1918 2773 2127 2840 hereditatem

257 2900 409 2990 petivisse
431 2903 564 2989 probare
587 2901 694 2967 studet
708 2901 742 2983 1).
796 2903 868 2967 Nec
891 2901 997 2966 miuus
1020 2901 1260 2967 Westermanni
1282 2900 1473 2968 sententiam
1500 2900 1668 2988 impugno,
1697 2899 1752 2986 qui
1781 2901 1842 2965 hoc
1868 2899 1948 2964 vitio
1975 2921 2125 2986 apparere

258 3030 367 3092 censet
389 3026 491 3104 illum,
516 3025 571 3112 qui
594 3026 812 3092 testimonium
836 3026 1059 3114 composuerit,
1084 3024 1225 3091 codicem
1248 3025 1405 3104 habuisse,
1429 3025 1464 3090 iu
1487 3049 1550 3112 quo
1570 3024 1639 3112 jam
1661 3047 1766 3090 errore
1790 3024 1962 3090 exstitisset
1985 3023 2019 3087 in
2042 3027 2063 3104 5
2083 3023 2126 3087 22

262 3153 489 3242 Φανοστράτη.
537 3150 620 3215 Mihi
643 3151 745 3216 multo
768 3149 973 3216 verisimilius
996 3149 1122 3214 ridetur
1145 3173 1213 3215 asse
1237 3149 1351 3215 vitium
1377 3148 1460 3214 illud
1482 3149 1517 3213 in
1540 3146 1724 3214 testimonio
1748 3147 1861 3226 fuisse,
1896 3153 2067 3232 antequam
2090 3143 2125 3210 in

258 3275 361 3362 ipsam
384 3275 560 3340 orationem
591 3273 714 3340 incidit.
768 3275 854 3341 Nam
884 3274 919 3340 in
943 3274 1103 3342 codicibus
1131 3273 1197 3339 iilis
1220 3271 1307 3360 Aug.
1332 3274 1350 3338 I
1378 3277 1410 3338 at
1432 3296 1449 3337 r
1475 3273 1658 3356 (Bekkari),
1695 3296 1888 3360 quamquam
1914 3273 2066 3360 praebant
2091 3269 2125 3334 in

255 3402 276 3480 5
297 3399 340 3462 22
366 3401 610 3489 Φανόστρατος,
634 3405 742 3465 tamen
764 3398 799 3464 in
822 3397 1005 3464 testimonio
1028 3399 1111 3480 542
1133 3397 1251 3483 legitur
1276 3399 1502 3488 Φανοστράτη.
1550 3396 1647 3481 Quod
1669 3396 1770 3461 nolim
1793 3401 1829 3461 tu
1851 3395 1897 3461 ita
1917 3394 2064 3482 explices,
2089 3397 2126 3457 ut

255 3519 417 3601 librarios,
453 3521 508 3608 qui
531 3522 730 3610 scripsissent
755 3522 829 3588 illos
852 3521 985 3602 codices,
1014 3521 1198 3588 testimonia
1220 3545 1260 3586 ex
1282 3521 1345 3586 alio
1369 3521 1477 3587 codice
1500 3518 1703 3608 adscripsisse
1726 3541 1870 3598 censeas;
1906 3541 1982 3584 nam
2004 3517 2032 3584 si
2054 3515 2124 3604 quis

256 3649 380 3712 tantam
399 3646 628 3713 Demosthenis
651 3646 846 3712 orationibus
867 3669 997 3734 operam
1020 3647 1115 3712 dabat
1137 3651 1365 3732 tantopereque
1388 3644 1545 3724 studebat,
1568 3648 1606 3709 ut
1628 3649 1735 3710 essent
1756 3644 1908 3730 integrae,
1933 3664 1998 3707 non
2020 3639 2125 3729 potuit

255 3792 322 3836 non
345 3770 590 3858 discrepantiam
613 3793 739 3858 quoque
768 3770 859 3836 illam
889 3769 973 3836 inter
999 3771 1096 3835 verba
1118 3768 1270 3835 orationis
1294 3775 1327 3834 et
1356 3767 1532 3834 testimonii
1561 3767 1869 3834 animadverterest
1894 3765 2001 3852 aliquo
2028 3764 2124 3829 modo

255 3895 369 3960 tollere
392 3895 509 3960 conan'.
556 3894 717 3982 Equidem
740 3900 880 3961 statuere
903 3893 1109 3982 praetulerim
1132 3893 1229 3959 etiam
1251 3892 1287 3958 in
1310 3893 1481 3980 archetypo
1505 3914 1615 3958 eorum
1638 3891 1797 3971 codicum,
1830 3889 1899 3977 qui,
1931 3910 2124 3974 quamquam

255 4017 439 4084 testimonia
461 4009 526 4083 non
550 4019 718 4096 exhibent,
755 4024 863 4084 tamen
886 4021 1157 4107 ,,Φανοστροὶτη“
1186 4017 1358 4104 praebent,
1395 4015 1579 4082 testimonia
1606 4015 1763 4081 exstitisse
1793 4020 1826 4080 et
1854 4018 1922 4078 tum
1950 4013 2079 4077 demum
2106 4034 2125 4076 a

255 4141 386 4207 librario
415 4141 522 4228 aliquo
553 4146 589 4207 ut
616 4166 684 4208 rem
710 4142 842 4208 minoris
869 4142 1025 4207 momenti
1047 4143 1163 4208 omissa
1186 4164 1271 4218 esse,
1306 4162 1378 4205 cum
1398 4139 1466 4226 jam
1490 4139 1605 4206 sitium
1628 4140 1709 4205 illud
1732 4162 1750 4204 e
1773 4135 1955 4204 testimonio
1979 4135 2014 4201 in
2037 4140 2057 4217 5
2077 4136 2123 4199 22

256 4264 409 4331 orationis
443 4264 590 4330 venisset.
652 4265 726 4330 Mea
758 4288 833 4352 ergo
867 4265 1026 4332 sententia
1063 4268 1300 4354 Φανοστράτην
1334 4266 1393 4354 τήν
1429 4271 1589 4354 Στρατίου
1624 4272 1797 4351 θυγατέρα
1833 4259 1954 4326 librarii
1989 4258 2123 4345 alicujus

255 4389 379 4459 incuria
402 4395 506 4454 ortum
534 4394 583 4454 est
613 4414 629 4454 e
657 4391 892 4480 Φανόστρατον
920 4393 979 4458 τόν
1005 4399 1166 4479 Στρατίου
1195 4401 1336 4480 πατέρα.
1389 4387 1536 4452 Primum
1558 4410 1576 4452 e
1600 4399 1731 4478 πατέρα
1759 4384 1910 4450 mendose
1933 4383 2052 4448 iactum
2076 4387 2124 4447 est

257 4523 450 4603 θυγατέρα,
487 4513 577 4600 cujus
605 4514 769 4580 affinitatis
800 4515 968 4580 nominum
996 4512 1190 4579 confusionis
1214 4513 1421 4578 creberrimae
1449 4533 1549 4576 unum
1576 4509 1759 4596 exemplum
1781 4508 1850 4595 jam
1876 4507 1971 4573 attuli
1998 4505 2123 4590 aliaque

255 4637 400 4704 invenies
428 4637 513 4724 apud
543 4661 572 4702 v.
598 4637 627 4701 d.
653 4637 692 4702 de
715 4640 803 4704 Boor
833 4641 854 4705 l.
879 4663 905 4706 c.
937 4661 1009 4726 pag.
1037 4639 1108 4702 146.
1167 4636 1294 4702 Deinde
1325 4659 1382 4723 pro
1414 4637 1649 4722 Φανόστρατον
1675 4636 1736 4721 τήν
1762 4640 1923 4720 Στρατίου
1950 4639 2122 4717 θυγατέρα

422 4937 441 5006 ¹)
480 4939 514 4992 K.
529 4941 573 4992 Fr.
594 4941 731 4993 Hermann
750 4941 777 4993 in
796 4939 944 4993 Zeitschritt
963 4939 1006 4991 stlr
1018 4939 1060 4992 dic
1072 4939 1266 4992 Alterthumsw.
1283 4940 1353 4990 1840
1365 4955 1424 5004 pag.
1440 4939 1473 4989 30
1491 4943 1517 4988 et
1530 4934 1686 5002 Steigertahi
1704 4935 1731 4986 in
1743 4933 1818 4986 Neue
1830 4931 1994 4984 Jahrbttoher
2006 4930 2056 4984 Bd.
2071 4929 2125 4984 VII

257 5045 318 5095 pag.
336 5029 386 5080 382
407 5028 554 5096 improbant
566 5028 670 5096 quidem
688 5029 864 5095 conjecturam
883 5028 1064 5094 Schoemanni,
1086 5043 1169 5094 neque
1186 5035 1274 5080 tamen
1291 5026 1370 5078 aliem
1387 5022 1548 5078 difficultatis
1565 5021 1736 5076 remorandae
1752 5022 1879 5074 rationem
1892 5018 1984 5072 afferre
2003 5026 2119 5087 possunt.
