4638 5644
1199 219 1255 302 38

291 453 462 544 nudatas
484 480 590 554 eraut,
621 473 660 540 cf.
685 472 815 562 Lysias,
847 483 922 564 crept
944 476 1003 541 sed
1024 476 1125 561 σηκοῦ
1153 472 1255 554 W),
1285 469 1483 550 Schtmann,
1514 469 1657 538 Alterth.
1682 469 1735 548 11,
1770 471 1843 535 174.
1900 467 1937 536 si
1960 468 2031 555 quis
2055 470 2159 536 oleam

292 598 435 684 aliquam
458 620 581 664 sacram
603 598 740 664 laeserat
761 602 818 664 aut
839 596 994 663 evelleret
1015 593 1175 682 sacrilegii
1196 594 1283 683 apud
1304 599 1452 660 senatum
1474 591 1724 680 areopagiticum
1747 615 1820 660 reus
1843 592 1940 659 fiebat
1961 599 1995 660 et
2017 591 2160 660 oriminis

294 721 457 787 convictus
480 719 576 786 exilio
599 719 877 807 publicationeque
899 719 1056 784 bonorum
1077 718 1274 784 multabatur
1301 715 1341 783 ct.
1366 716 1482 804 Lysias
1504 716 1526 780 l.
1551 739 1577 780 c.
1601 719 1622 796 β
1643 718 1684 780 41
1711 721 1744 783 et
1766 717 1797 782 3.
1842 717 1995 782 Alterum
2018 716 2160 782 olearum

292 866 395 930 genus
423 849 515 908 eraut
540 845 655 912 ἰλαται
683 845 787 924 ἴδιαι,
823 864 903 928 quas
932 863 998 906 nou
1024 839 1156 919 civitas,
1192 840 1248 906 sed
1280 838 1427 905 homines
1458 839 1577 927 privati
1608 838 1815 926 possidebant
1842 846 1875 907 et
1907 841 1994 925 leges
2022 862 2092 904 eam
2119 841 2160 907 ob

294 989 440 1034 caussam
461 965 649 1044 tuebantur,
682 987 724 1031 ue
746 987 857 1031 earum
879 963 1025 1052 pluribus
1054 963 1167 1029 excisis
1196 961 1261 1028 olei
1289 961 1460 1048 aliquando
1486 961 1595 1049 inopia
1617 962 1775 1041 eveniret,
1808 968 1842 1028 et
1864 962 1940 1048 quia
1960 961 2011 1028 his
2033 985 2160 1049 quoque

294 1112 421 1177 mmper
441 1087 564 1176 aliquid
590 1087 677 1154 sacri
695 1087 895 1154 adhaerebat.
952 1086 1081 1152 Harum
1107 1085 1206 1172 igitur
1235 1091 1284 1152 tot
1309 1089 1453 1166 munim,
1489 1091 1571 1172 quot
1595 1107 1675 1172 opus
1704 1091 1816 1164 mant,
1842 1085 1887 1152 ad
1912 1085 2071 1172 templum
2092 1085 2160 1151 sire
2281 1143 2282 1148 ,

294 1211 459 1300 publicum
491 1210 589 1278 totius
620 1209 733 1299 populi
765 1212 950 1299 (δημόσιον)
982 1209 1051 1275 sive
1081 1207 1242 1296 peculiare
1274 1208 1361 1274 demi
1393 1207 1527 1296 alicujus
1560 1210 1763 1298 (oppansis)
1796 1207 2029 1274 aedificandum
2061 1215 2095 1274 et
2125 1208 2160 1274 iu

295 1333 417 1400 funeris
439 1355 534 1402 usum
557 1333 693 1400 effodere
716 1357 734 1400 e
756 1335 828 1420 lege
851 1333 976 1400 licebat.
1023 1331 1080 1398 Ad
1101 1330 1182 1396 alias
1203 1353 1254 1398 res
1276 1331 1392 1411 nullas,
1419 1332 1483 1398 nisi
1504 1332 1596 1398 binas
1618 1331 1754 1417 singulis
1777 1330 1870 1396 aunis
1893 1331 1979 1397 oleas
2000 1355 2161 1418 quemque

294 1479 482 1524 consumere
504 1458 558 1522 lex
579 1455 769 1544 patiebatur.
817 1454 924 1540 Quem
946 1477 1116 1521 numemm
1139 1453 1167 1520 si
1190 1453 1261 1540 quis
1284 1455 1466 1534 transierat,
1498 1455 1651 1543 cujusque
1674 1455 1763 1520 oleae
1786 1461 1914 1522 centum
1938 1454 2158 1524 drachmarum

295 1581 432 1648 multam
460 1578 582 1646 aerario
609 1578 738 1666 publico
765 1579 940 1666 pendebat,
976 1578 1068 1666 cujus
1095 1576 1219 1644 decima
1244 1600 1318 1664 pars
1348 1577 1512 1644 llinervoe
1539 1577 1724 1665 obtingebat
1753 1600 1859 1664 neque
1890 1577 1997 1644 minus
2029 1584 2160 1644 centurn

295 1703 462 1770 machmas
484 1701 544 1783 illi,
568 1701 625 1788 qni
647 1702 683 1767 in
700 1701 861 1790 judicium
882 1707 1060 1781 vocaverat,
1081 1700 1224 1766 debebat.
1263 1701 1363 1768 Actio
1377 1706 1494 1780 autem,
1515 1724 1597 1787 quae
1619 1701 1679 1768 hac
1701 1699 1736 1766 iu
1758 1723 1793 1766 re
1816 1701 2036 1788 usurpabatur,
2060 1703 2159 1789 φάσις

296 1847 378 1912 qrrae
404 1825 523 1894 dicitur
548 1824 647 1892 tuisse
669 1823 798 1892 videtur
830 1823 882 1906 (ct'.
906 1823 1050 1902 Heffter,
1081 1823 1133 1890 die
1156 1824 1379 1890 athenaeische
1400 1821 1738 1909 tierichtsvcrtassung
1760 1847 1831 1910 pag.
1855 1824 1919 1890 188
1942 1847 2025 1910 sqq„
2058 1824 2160 1892 Maior

296 1947 365 2016 und
380 1948 563 2016 Schbmann
582 1949 605 2013 l.
622 1970 649 2013 c.
670 1969 743 2034 pag.
761 1948 823 2014 251
842 1952 876 2013 et
890 1948 965 2027 302,
986 1947 1166 2026 Hermann,
1186 1945 1422 2014 Staatsalterth.
1439 1950 1460 2028 θ
1477 1949 1563 2031 136),
1584 1969 1666 2032 quae
1681 1971 1699 2013 e
1714 1946 1795 2033 legis
1811 1947 1950 2014 formula
1964 1947 2162 2014 instituenda

296 2076 365 2138 erat
393 2073 476 2162 πρδς
498 2073 575 2148 τούς
598 2067 775 2161 ἄρχοντας,
800 2065 848 2141 civ
870 2075 1002 2140 ἕκαστοι
1023 2071 1181 2140 δικασταί
1199 2077 1274 2138 εἰσι.
1329 2067 1420 2155 Quae
1449 2069 1546 2136 verba
1573 2070 1746 2136 nonnullas
1769 2071 1924 2158 praebent
1944 2069 2157 2136 difficultates.
2271 2075 2273 2080 ’

296 2194 405 2263 Verbo
429 2191 593 2285 ἄρχοντας
616 2192 789 2279 significari
811 2193 965 2261 hocloco
988 2191 1177 2259 crediderim
1199 2192 1443 2272 thesmuthetos,
1471 2215 1544 2259 cum
1567 2193 1659 2260 nulla
1680 2193 1723 2258 sit
1745 2215 1871 2272 caussa,
1901 2215 1958 2260 cur
1980 2215 2097 2258 munus
2119 2191 2159 2258 de

296 2317 440 2384 olearum
461 2315 666 2404 profanarum
689 2315 916 2403 exstirpatione
936 2313 1103 2404 judicandi
1131 2315 1232 2382 tribua
1254 2315 1470 2403 superioribus
1492 2315 1698 2384 archontibus
1720 2315 1952 2394 adscribamus,
1979 2315 2067 2400 quod
2089 2315 2161 2380 vult

296 2437 468 2519 Reiskius,
504 2438 560 2524 qui
586 2439 777 2506 archontum
804 2437 929 2519 officia,
964 2461 1092 2526 prorsus
1121 2437 1297 2505 contundit.
1352 2437 1490 2506 Accedit
1516 2438 1720 2524 quodetiam
1750 2439 1785 2504 in
1807 2438 1879 2506 aliie
1901 2438 2053 2526 phasibus
2076 2437 2160 2504 thes·

297 2563 455 2628 mothctas
467 2559 592 2648 judicos
606 2559 705 2628 tuism
720 2561 874 2632 traditum
889 2567 939 2629 est
953 2561 1006 2644 (ci.
1023 2561 1126 2628 Maior
1140 2561 1208 2626 und
1227 2560 1431 2629 Schocmann
1445 2563 1466 2627 l.
1484 2584 1510 2628 c.
1527 2585 1599 2649 pag.
1616 2563 1682 2645 64).
1716 2561 1826 2630 Verba
1841 2569 1947 2628 autem
1963 2555 2011 2630 civ
2025 2565 2160 2628 taceres

297 2687 543 2763 immoratales,
567 2706 649 2769 quae
668 2685 787 2752 locutio
807 2684 842 2750 in
861 2684 986 2770 legibus
1000 2683 1255 2750 Atheniensibus
1275 2683 1393 2751 usitata
1411 2683 1508 2749 hrisse
1528 2684 1655 2752 videtur
1678 2685 1858 2766 (Demosth.
1879 2685 1951 2750 adv.
1969 2683 2158 2750 Aristocrat.

297 2808 407 2890 528),
432 2805 668 2892 Schelliugium
690 2808 712 2873 l.
738 2829 763 2874 c.
788 2830 859 2894 pag.
886 2809 928 2873 68
951 2812 1079 2873 secutus
1102 2807 1345 2894 explicaverim:
1371 2807 1433 2888 „ad
1456 2807 1547 2894 cujus
1569 2806 1674 2874 iorum
1698 2831 1809 2874 caussa
1830 2807 2001 2894 pertinet“.
2041 2805 2161 2890 Quam·

298 2952 395 3016 quam
417 2928 504 2994 euim
526 2929 757 2995 thesmothstas
780 2928 934 3016 plurimas
957 2951 1084 2995 caussas
1106 2929 1303 3017 conjunctim
1329 2929 1517 2996 instruxisse
1540 2937 1665 2998 constat
1696 2930 1891 3011 (Hermann,
1924 2928 2158 2995 Staatsalterth.

297 3057 318 3135 ξ
342 3053 416 3131 138,
443 3052 507 3134 12),
532 3057 640 3117 umen
663 3052 737 3118 lites
759 3050 893 3117 minoris
915 3051 1070 3118 momenti
1092 3075 1146 3118 eos
1168 3051 1253 3118 inter
1276 3076 1309 3118 se
1333 3051 1479 3118 divisisse
1502 3053 1636 3138 aliisque
1659 3053 1738 3118 alies
1762 3053 1801 3117 ad
1825 3051 1950 3139 judices
1974 3050 2161 3116 deferendas

296 3173 447 3240 tribuisse
479 3173 652 3240 verisimile
688 3174 769 3239 mihi
806 3173 933 3240 videtur
965 3197 1043 3241 esse.
1096 3177 1249 3263 δικαστής
1285 3181 1393 3241 antem
1427 3176 1488 3241 hoc
1521 3177 1592 3241 loco
1623 3174 1709 3240 idem
1743 3181 1791 3240 est
1817 3181 1912 3260 atque
1944 3171 2075 3262 ἤγεμών
2102 3177 2161 3242 τοῦ

297 3300 523 3388 δικαστηρίου,
557 3320 619 3382 qua
642 3295 681 3363 de
708 3297 742 3363 vi
763 3296 860 3384 hujus
882 3297 1030 3363 vocabuli
1059 3297 1098 3364 cf.
1122 3297 1278 3385 Philippi,
1301 3319 1384 3365 neue
1406 3298 1583 3364 Jahrbttch.
1610 3298 1672 3363 Bd.
1699 3299 1762 3364 105
1785 3320 1857 3384 pag.
1882 3297 1956 3362 587.
1982 3336 2024 3343 —
2047 3297 2163 3362 Actori

224 3489 225 3492 ,
298 3426 406 3486 autem
430 3423 664 3485 sacramentnm
685 3443 742 3506 pro
766 3443 824 3486 sua
845 3425 936 3507 porte
959 3420 1183 3508 deponendum
1205 3427 1283 3500 erat,
1312 3422 1397 3507 quod
1416 3421 1592 3509 justissime
1615 3419 1799 3487 institutum
1823 3441 1890 3484 esse
1914 3420 2027 3485 elucet.
2073 3419 2162 3485 Nam

298 3565 372 3609 cum
400 3543 588 3630 plerumque
615 3550 648 3608 et
673 3566 766 3608 reum
793 3549 826 3609 et
852 3548 992 3608 actorem
1021 3545 1254 3609 sacramentum
1282 3543 1440 3631 deponere
1467 3545 1554 3631 leges
1579 3543 1744 3629 juberent,
1777 3540 1962 3628 hujusmodi
1983 3541 2019 3607 in
2043 3541 2161 3608 caussis

298 3665 381 3732 illud
404 3688 424 3730 a
446 3666 514 3730 solo
537 3671 659 3745 actore,
693 3666 811 3754 quippe
834 3663 903 3751 qui,
935 3665 962 3731 si
984 3688 1129 3732 caussam
1153 3665 1331 3744 obtinebat,
1365 3689 1517 3750 magnum
1540 3663 1601 3730 sibi
1623 3664 1748 3729 lucrum
1770 3664 1904 3744 feceret,
1938 3688 1979 3729 ne
2002 3664 2161 3730 malitiose

299 3792 476 3866 accusaret,
512 3789 742 3874 postulabatur.
797 3787 934 3854 Aerario
963 3794 1071 3854 autem
1097 3785 1225 3875 publico
1254 3787 1316 3853 hoc
1344 3786 1491 3852 instituto
1514 3785 1668 3852 damnum
1695 3809 1760 3851 non
1787 3786 1914 3852 illatum
1937 3793 2001 3866 est,
2035 3786 2110 3872 quia
2132 3785 2161 3851 si

299 3916 387 3976 actor
410 3931 521 3976 caussa
543 3910 676 3976 cadebat
704 3915 938 3977 sacramentum
961 3911 1170 3988 retinebatur,
1203 3909 1231 3974 si
1254 3908 1376 3998 judicio
1399 3908 1547 3974 vincebat
1569 3915 1802 3976 sacramentum
1825 3909 1954 3995 quidem
1978 3907 2028 3974 illi
2050 3908 2161 3974 redde·

298 4033 405 4111 batur,
438 4055 622 4118 nonagenas
646 4037 753 4099 autem
779 4054 837 4121 pro
865 4032 1000 4118 singulis
1024 4031 1102 4098 oleis
1126 4037 1237 4099 contra
1262 4033 1368 4118 legem
1395 4031 1494 4098 caesis
1522 4032 1690 4098 drachmae
1720 4057 1740 4098 a
1766 4055 1819 4098 reo
1847 4031 2091 4118 accipiebantur.
2116 4069 2159 4077 -

299 4155 433 4222 Hancce
455 4155 589 4220 multam
618 4155 674 4221 ubi
697 4155 767 4242 quis
791 4156 954 4221 convictus
977 4160 1042 4234 est,
1072 4153 1293 4241 magistratum,
1324 4155 1379 4242 qui
1402 4153 1525 4242 judicio
1553 4161 1710 4243 praeerat,
1739 4156 1778 4222 ab
1801 4179 1838 4220 eo
1861 4152 2049 4238 exigendam
2071 4176 2161 4240 prac-

298 4278 421 4346 toribus
448 4278 601 4344 tradebat.
635 4317 678 4325 -
710 4279 878 4344 Praetores
904 4277 1109 4364 magistratus
1133 4283 1236 4356 eraut,
1271 4277 1386 4365 quibus
1413 4279 1533 4344 multae
1556 4278 1595 4344 ab
1619 4277 1690 4344 aliis
1716 4276 1953 4364 magistratibus
1981 4275 2159 4363 impositae,

300 4424 381 4488 quae
411 4401 445 4467 in
474 4400 638 4488 publicum
668 4401 836 4480 cedebant,
868 4399 1042 4487 exigendae
1072 4407 1172 4466 erant.
1207 4439 1250 4448 -
1285 4399 1375 4485 Quas
1402 4423 1477 4468 vcro
1508 4401 1561 4467 lex
1587 4400 1752 4466 Minervae
1779 4399 1999 4464 committebat
2010 4401 2035 4482 ¹)
2062 4398 2162 4463 denas

300 4525 480 4603 drachmas,
513 4537 580 4601 τοῖς
607 4535 744 4609 ταμίαις
770 4527 838 4593 τῶν
860 4528 917 4614 τῆς
944 4528 1044 4604 θεοῦ,
1076 4522 1132 4609 qui
1158 4545 1263 4590 sacras
1291 4521 1456 4589 Minervae
1488 4523 1639 4611 pecunias
1671 4523 1706 4588 in
1736 4522 1876 4608 templo,
1913 4521 1998 4607 quod
2028 4526 2096 4586 erat
2126 4519 2163 4584 in

296 4668 390 4725 arce,
425 4645 567 4732 itemque
599 4643 700 4732 ipsius
732 4644 897 4712 llinervae
930 4645 1137 4712 simulacrum
1159 4645 1381 4712 custodiebant
1409 4645 1555 4728 (Boeckh
1583 4647 1604 4710 l.
1630 4667 1655 4710 c.
1686 4667 1758 4732 pag.
1785 4644 1849 4710 172
1877 4648 1958 4730 sqq.)
1988 4643 2162 4729 erigendae

461 4941 482 5012 ¹)
518 4943 583 5000 Post
605 4939 752 5012 γίγνεται
776 4943 864 5000 rddidi
882 4961 943 5000 cum
959 4945 1065 5002 Reiskic
1090 4926 1111 4994 t*
1130 4930 1167 4998 dd
1186 4931 1227 5026 τῇ
1246 4929 1320 5018 M
1340 4939 1487 5012 γίγνεται
1512 4960 1579 5012 quae
1603 4944 1682 4998 rerba
1705 4943 1729 4998 ri
1747 4942 1849 5010 meunt,
1876 4941 1950 4996 locas
1969 4941 2084 5013 intellegi
2107 4957 2161 4995 nou

299 5038 393 5100 potest.
433 5031 566 5086 Librarius
583 5032 618 5086 ab
636 5033 719 5086 altaro
736 5027 883 5100 γίγνεται
901 5032 936 5088 ad
953 5034 1065 5088 alterum
1083 5033 1221 5088 abcmvit.
