4638 5644
1150 215 1208 295 40

244 468 381 538 ducendi
404 491 601 555 coronaeque
624 465 722 556 capiti
744 466 956 556 imponendae
979 471 1055 532 sunt
1076 490 1094 532 e
1117 489 1205 534 more
1228 469 1342 558 patrio.
1374 507 1417 518 -
1447 466 1642 549 uuolton,
1673 481 1796 551 Actor,
1826 469 1989 562 Ἀρτέμιδι
2010 473 2110 560 igitur

242 593 367 659 datiroe
391 592 548 660 commodi
571 592 724 680 intellego
747 591 922 681 pendentes
946 613 966 656 a
987 589 1091 658 verbis
1118 591 1332 677 sequentibus.
1365 631 1408 640 -—
1438 591 1503 658 Dei
1525 597 1633 659 antem
1655 592 1821 682 Olympici
1843 601 1877 661 et
1898 595 1976 662 deae
1999 619 2109 666 omnes

242 715 389 783 manibus
410 716 542 784 elevatis
563 713 757 803 implorandi
775 719 851 781 sunt
872 713 980 800 eisque
1000 713 1084 780 dona
1104 712 1272 780 offerenda.
1313 714 1466 800 Quaeque
1487 715 1587 781 tribue
1609 715 1659 781 illi
1677 717 1776 795 heroi,
1802 740 1841 783 ex
1859 741 1922 804 quo
1944 719 2109 788 nominata

243 843 306 916 est,
341 839 516 906 sacrificare
544 839 691 924 donaque
720 838 795 905 dare
818 838 912 904 debet
941 836 1058 904 usitato
1086 860 1184 904 more.
1241 836 1376 904 Mortuis
1404 843 1553 905 autema
1577 839 1736 926 cognatis,
1770 839 1798 906 si
1825 840 1893 906 dies
1917 843 2108 912 constitutus

242 961 390 1040 advenit,
427 985 559 1028 munera
587 961 798 1050 persolvenda
826 965 918 1041 sunt,
955 966 992 1027 ut
1018 960 1193 1047 antiquitus
1224 959 1408 1028 institutum
1437 966 1494 1026 est.
1530 1001 1573 1009 -
1609 962 1665 1028 Ad
1696 967 1802 1032 τελεῖν
1834 987 1875 1029 ex
1906 967 2108 1033 antecedenti

243 1087 442 1175 δωροτελεῖν,
466 1088 558 1176 δῶρα
582 1084 796 1173 supplendum
819 1091 875 1150 est.
901 1123 944 1134 ·—
975 1081 1125 1173 drqptva
1149 1066 1302 1152 hocloco
1325 1106 1364 1152 eo
1387 1105 1483 1152 sensu
1506 1083 1727 1172 accipiendum
1751 1091 1808 1165 est,
1838 1093 1875 1154 ut
1897 1087 1983 1154 idem
2006 1089 2048 1155 sit
2071 1112 2108 1156 ac

242 1211 285 1276 ccl
310 1210 524 1296 νομιζόμενα,
556 1231 636 1295 qnae
658 1209 755 1296 hujus
777 1207 925 1274 vocabuli
948 1207 1009 1287 ris,
1039 1207 1100 1274 etsi
1122 1208 1185 1274 alio
1209 1210 1279 1275 loco
1302 1229 1368 1274 nou
1390 1206 1560 1295 reperitur,
1590 1207 1698 1274 fulciri
1720 1213 1825 1296 potest
1848 1233 1899 1289 eo,
1929 1211 2015 1297 quod
2036 1234 2106 1299 per-

242 1331 362 1398 fectum
392 1356 465 1399 cum
492 1332 627 1398 aliorum
657 1333 827 1398 verborum
856 1330 1085 1418 deponentium
1117 1331 1274 1418 (Kriigen
1306 1330 1423 1420 griseb.
1450 1329 1662 1418 Spracblebre
1685 1331 1742 1410 39,
1775 1333 1831 1412 14,
1860 1333 1894 1416 3)
1926 1337 1997 1399 tum
2018 1334 2108 1402 verbi

243 1454 411 1542 compositi
439 1453 627 1545 dpqrs‘opm
657 1453 783 1543 saepius
813 1453 937 1542 passive
967 1462 1146 1543 usurpatur.
1183 1495 1226 1504 -
1260 1453 1455 1522 Interiorum
1484 1459 1591 1520 autem
1618 1453 1763 1534 illarum,
1798 1477 1878 1541 qnae
1906 1455 1959 1522 hic
1987 1479 2006 1522 a
2035 1479 2107 1544 pro·

242 1577 371 1666 pinquis
394 1581 605 1667 postulantur,
623 1579 685 1646 tria
707 1578 875 1667 praecipue
897 1601 1014 1667 genera
1037 1585 1146 1646 erant:
1176 1581 1220 1649 τοὶ
1244 1593 1350 1670 τρίτα,
1374 1600 1455 1664 quae
1478 1577 1582 1656 tertio,
1607 1580 1649 1646 sd
1673 1579 1791 1658 ἔνατα,
1822 1601 1903 1665 quae
1926 1600 2012 1645 nono
2034 1586 2108 1666 post

242 1703 441 1790 sepulturam
470 1703 540 1784 die,
576 1703 734 1791 illaeque,
770 1727 851 1791 quae
884 1703 1055 1789 quotanniu
1086 1701 1138 1770 die
1167 1702 1249 1770 festo
1278 1713 1461 1791 Νεμεσείων
1484 1701 1704 1768 offerebantur.
1751 1701 1803 1785 (of.
1829 1699 2108 1770 solesmenses

241 1825 324 1893 Isae.
349 1850 420 1914 pag.
446 1829 509 1894 217
534 1849 601 1914 sqq.
627 1833 659 1894 et
682 1828 747 1892 222
770 1832 831 1914 sq.)
897 1917 904 1930 ι
1478 1811 1480 1815 ’

328 2253 337 2270 ’
402 2249 560 2319 Omnibus
580 2250 658 2338 jam,
682 2273 763 2338 quae
783 2249 819 2317 in
838 2256 916 2317 oret.
941 2250 976 2316 in
990 2251 1203 2316 Macartatum
1222 2254 1356 2328 exeunt„
1381 2248 1448 2314 litis
1463 2247 1684 2315 instrumentis
1699 2245 1899 2335 perlustratis
1914 2245 2105 2334 probavisse

242 2374 323 2440 mihi
345 2374 465 2454 videor,
489 2397 556 2440 non
578 2379 663 2441 recte
686 2397 724 2442 ea
746 2372 910 2462 supposita
931 2373 1050 2440 baberi.
1096 2373 1139 2439 In
1161 2371 1285 2460 legibus
1308 2371 1437 2459 quidem
1459 2394 1525 2436 non
1548 2369 1656 2436 omnia
1675 2393 1743 2436 esse
1765 2368 1933 2458 perspicua
1953 2370 2102 2436 oonoedo.

242 2497 399 2562 Attamen
423 2495 622 2575 offensiones,
651 2497 686 2564 in
709 2497 823 2584 quibus
846 2496 927 2564 forte
950 2495 1156 2563 haesitaverit
1177 2496 1257 2582 quis,
1287 2496 1425 2562 maxima
1448 2501 1599 2583 exparte
1621 2517 1659 2560 eo
1682 2492 1879 2560 revocandae
1901 2498 1986 2571 eunt,
2018 2492 2105 2578 quod

243 2625 387 2687 auctores
409 2625 532 2688 veteres
555 2642 614 2687 nos
636 2641 702 2686 non
724 2644 849 2708 semper
871 2619 947 2690 satin
971 2620 1010 2686 de
1033 2619 1189 2686 institutis
1212 2617 1465 2685 Atheniensibus
1489 2617 1631 2684 edocent.

402 2759 439 2828 si
458 2761 527 2849 jam
553 2783 655 2827 unum
678 2760 758 2827 mibi
784 2760 880 2827 hosat
902 2759 1027 2839 addere,
1051 2761 1113 2826 hoc
1135 2759 1316 2826 monuerim
1339 2759 1531 2838 orationem,
1557 2757 1716 2844 adquam
1739 2763 1807 2822 tota
1836 2779 1907 2822 mea
1930 2754 2103 2844 disputatio

242 2883 406 2972 pertinuit,
429 2884 573 2951 habitam
595 2907 664 2952 esse
686 2884 721 2950 in
743 2906 855 2951 caussa
876 2883 1009 2972 privata.
1056 2882 1193 2950 Falacrii
1215 2888 1324 2949 autem
1350 2883 1452 2948 multo
1475 2881 1577 2968 magis
1601 2880 1753 2947 interesse
1777 2877 1887 2945 debuit
1909 2877 2047 2944 orationi
2068 2876 2104 2944 iu

243 3029 354 3074 caussa
382 3008 510 3095 publice
544 3008 672 3075 habitae
705 3005 859 3074 formulas
894 3007 922 3074 si
956 3006 1183 3074 interciderant
1215 3027 1410 3095 supponere,
1446 3003 1564 3092 quippe
1599 3025 1680 3090 quae
1708 3001 1808 3068 oratio
1844 3001 1945 3066 multo
1977 3001 2103 3089 saepius

241 3133 411 3219 legeretur,
436 3155 532 3219 quam
553 3130 612 3198 illa
633 3130 668 3196 in
691 3131 903 3198 Macartatum
926 3152 992 3197 non
1014 3129 1186 3196 admodum
1209 3134 1285 3216 apta
1306 3128 1347 3195 ad
1370 3127 1493 3194 animos
1516 3126 1693 3214 legentium
1715 3124 1910 3192 alliciendos.
