4638 5644
1101 227 1158 309 35

194 507 274 572 opus
298 482 368 550 luit
415 483 487 548 Nec
509 482 615 549 minus
638 479 764 548 Reiekii
786 480 994 558 sententiam,
1026 481 1081 566 qui
1104 479 1144 546 ad
1166 483 1327 569 βούλομαι
1349 494 1397 558 τίς
1421 485 1476 546 aut
1502 485 1636 559 ἕκαστος
1659 483 1828 548 subaudire
1851 481 1936 558 nde,
1973 479 2058 546 retir-

193 605 344 684 taverim,
381 629 453 671 cum
484 603 518 670 in
544 605 752 690 sequentibus
779 627 906 700 semper
932 625 1084 670 numerus
1113 603 1246 689 pluralis
1274 601 1450 688 generatim
1477 603 1547 688 lege
1574 602 1787 690 praecipiente
1810 609 1980 690 usurpatus
2003 605 2054 670 eit.

193 729 266 816 Ego
297 727 427 813 quidem
456 751 528 793 cum
555 726 652 792 Petit.
684 728 746 814 leg.
770 726 856 792 attic.
884 749 956 813 pag.
980 726 1045 790 599
1074 724 1246 790 lectionem
1275 724 1428 811 marginis
1451 724 1642 791 Lutetianae
1668 727 1856 806 βούλωνται
1883 726 2056 813 receperim

193 849 254 930 ita,
290 856 327 916 ut
356 849 421 916 sint
450 850 628 938 subjectum
656 850 717 915 hoc
747 850 816 915 loco
845 853 886 934 et
906 847 941 912 in
970 847 1175 934 sequentibus
1198 848 1325 934 cognati
1353 847 1479 912 mortui.
1538 847 1653 914 Oetera
1679 847 1714 912 in
1737 848 1807 934 lege
1828 869 1957 935 prorsus
1980 852 2058 936 suat

193 972 370 1060 perspicua.
425 973 572 1039 Mortuus
594 971 747 1061 postridie
761 972 785 1054 ¹)
818 993 915 1056 quam
937 969 978 1035 ed
1000 968 1208 1057 spectandum
1231 969 1412 1057 propositus
1434 977 1518 1048 erat,
1553 975 1627 1036 ante
1650 971 1755 1036 lucem
1778 970 1981 1048 efferebatur,
2014 991 2057 1035 ne

194 1095 244 1162 sol
270 1093 388 1160 mortui
410 1099 541 1181 aspectu
571 1096 776 1182 pollueretur.
834 1092 981 1158 Eandem
1004 1092 1044 1157 ob
1068 1113 1212 1158 caussam
1241 1093 1294 1158 lex
1317 1091 1384 1157 (loe
1406 1092 1478 1158 aliis
1500 1113 1627 1178 quoque
1649 1092 1724 1158 huic
1747 1091 1924 1170 simillima,
1959 1115 2056 1178 quam

193 1217 400 1306 inscriptione
432 1221 590 1282 servatam
619 1218 766 1283 Koehler
802 1215 837 1280 in
871 1215 1121 1301 Mittbeilungen
1154 1215 1209 1280 dee
1241 1215 1416 1281 deutschen
1449 1217 1644 1302 archseclog.
1673 1215 1841 1282 Institutas
1878 1216 1914 1281 in
1943 1216 2056 1281 Athen

193 1341 308 1426 Jelrrg.
330 1340 349 1404 I
370 1362 442 1427 pag.
462 1341 526 1404 139
548 1362 615 1425 sqq.
640 1337 761 1427 optime
784 1337 893 1416 edidit,
918 1343 955 1403 ut
976 1343 1119 1404 mortuus
1142 1341 1305 1405 contectus
1329 1338 1486 1416 efferatur,
1510 1337 1665 1426 praecipit
1695 1337 1746 1420 (cf.
1772 1340 1793 1404 l.
1818 1362 1844 1404 c.
1869 1361 1940 1426 pag.
1967 1339 2053 1420 143).

194 1501 237 1510 -
267 1463 308 1528 In
331 1460 489 1548 exsequiis
511 1461 573 1528 viri
596 1467 671 1528 ante
693 1460 846 1528 feretrum
868 1462 929 1540 ire,
960 1459 1098 1526 feminae
1121 1459 1155 1524 id
1177 1461 1267 1546 sequi
1285 1461 1492 1548 jubebantur,
1522 1483 1585 1546 qua
1607 1460 1648 1526 de
1670 1461 1807 1527 marium
1828 1467 1861 1527 et
1884 1459 2056 1526 mulierum

194 1584 394 1671 separatione
417 1583 456 1650 ci.
481 1585 636 1650 Koehler.
661 1586 683 1650 l.
708 1609 733 1650 c.
757 1609 829 1673 pag.
856 1585 930 1649 144.

354 1724 499 1791 Feminis
523 1731 630 1791 autem
653 1724 817 1812 sexaginta
840 1724 931 1790 anuis
958 1721 1133 1788 minoribus
1156 1745 1275 1808 neque,
1308 1745 1381 1788 cum
1408 1721 1496 1789 intus
1525 1728 1669 1790 mortuus
1693 1724 1902 1791 collocaretur
1924 1723 2056 1790 domum

194 1846 329 1934 ingredi,
358 1871 462 1934 neque
485 1871 558 1914 cum
582 1847 746 1914 efferretur
768 1847 932 1934 exsequias
954 1845 1103 1934 prosequi
1125 1845 1241 1912 licebat
1262 1850 1389 1933 praeter
1410 1868 1472 1924 eas,
1501 1869 1582 1931 quae
1604 1845 1715 1931 quinto
1739 1851 1794 1912 aut
1816 1847 1931 1913 artiore
1954 1846 2055 1933 gradu

195 1977 357 2035 mortuum
389 1971 625 2057 contingebant.
684 1970 780 2056 Quod
811 1993 849 2035 eo
881 1968 1083 2034 referendum
1111 1967 1239 2034 videtur
1265 1991 1351 2047 esse,
1388 1967 1472 2054 quod
1503 1967 1653 2033 mulieres
1681 1967 1897 2035 Athenienses
1925 1969 2055 2035 omnino

194 2093 262 2158 vita
289 2092 417 2180 publica
446 2093 591 2158 exclusae
622 2099 721 2158 erant.
759 2131 801 2139 —
836 2094 928 2171 ἐντός
954 2093 1016 2157 hoc
1044 2093 1114 2156 loco
1142 2087 1350 2182 α’νεψιάτητα
1377 2091 1532 2169 includit,
1568 2090 1653 2177 quod
1676 2115 1693 2156 e
1717 2091 1921 2179 sequentibus
1948 2096 1989 2174 §g
2012 2093 2055 2157 63

194 2221 229 2281 et
252 2217 295 2280 64
318 2219 448 2303 apparet
471 2214 510 2282 cf.
534 2238 606 2302 pag.
631 2217 674 2280 86
697 2237 764 2300 sqq.
795 2253 838 2262 -
871 2213 1053 2280 Monuerim
1082 2219 1245 2301 praeterea
1267 2213 1401 2299 gradum
1424 2214 1571 2300 quintum
1594 2214 1691 2280 etiam
1713 2214 1840 2302 injure
1862 2213 2055 2280 hereditario

196 2339 235 2403 ab
258 2337 409 2404 intestato
432 2337 604 2403 torinicum
627 2337 778 2402 adhiberi.
804 2375 847 2383 —
870 2337 1046 2422 Postquam
1067 2359 1143 2402 vero
1167 2336 1300 2402 cadaver
1323 2337 1443 2402 elatum
1466 2342 1527 2415 est,
1556 2336 1690 2402 feminae
1713 2343 1838 2424 praeter
1861 2336 2055 2425 propinquae

195 2481 296 2544 usqne
329 2459 370 2524 ad
400 2460 518 2526 mortui
549 2459 809 2526 consobrinorum
841 2459 893 2524 vel
926 2459 1186 2525 consobrinarum
1217 2459 1300 2526 filias
1333 2460 1464 2525 domum
1490 2459 1650 2526 funestam
1682 2459 1800 2525 intrare
1829 2459 1959 2525 omnino
1991 2481 2057 2525 non

194 2581 386 2668 permissum
418 2587 495 2647 erat.
554 2583 735 2648 Credebant
769 2581 855 2648 enim
886 2587 1009 2648 veteres
1041 2582 1193 2649 cadavere
1225 2583 1357 2648 domum
1388 2583 1508 2669 pollui,
1545 2605 1641 2668 quam
1669 2581 1709 2647 ob
1741 2605 1809 2647 rem
1838 2604 1948 2648 omnes
1980 2581 2056 2648 inde

194 2703 394 2790 egredientes
417 2725 508 2790 aqua,
537 2727 618 2789 quae
642 2710 716 2770 ante
739 2704 832 2770 aedes
860 2704 894 2770 in
917 2727 991 2770 vase
1015 2727 1053 2769 ex
1076 2704 1139 2770 alie
1161 2705 1256 2771 domo
1280 2705 1378 2772 allata
1400 2707 1512 2784 stabat,
1532 2727 1612 2780 sese
1635 2706 1813 2771 lustrabant
1836 2703 1931 2787 (Poll.
1955 2704 2055 2784 VHI,

196 2827 252 2908 65)
282 2831 470 2911 mortuoquo
501 2828 584 2892 elato
613 2825 726 2892 domus
753 2827 863 2892 lustris
891 2827 1027 2913 aliisque
1052 2827 1293 2915 purgaminibus
1321 2827 1514 2915 expiabatur.
1567 2826 1692 2893 Eadem
1714 2833 1834 2906 autem,
1867 2851 1947 2913 quae
1971 2827 2057 2914 apud

194 2949 413 3014 Athenienses
445 2949 530 3036 apud
562 2948 643 3014 Ceos
674 2954 842 3036 praecepta
873 2950 1010 3015 valuisse
1040 2948 1208 3046 videntur,
1248 2971 1442 3036 quamquam
1473 2949 1636 3037 inscriptio
1669 2949 1841 3016 admodum
1873 2953 1959 3016 laesa
1989 2973 2057 3015 non

195 3072 303 3136 emnia
326 3073 412 3137 clare
435 3071 571 3137 exhibet.
608 3070 647 3136 cf.
671 3072 827 3138 Koehler.
851 3073 872 3136 l.
898 3095 924 3138 c.
948 3095 1020 3159 pag.
1047 3073 1111 3136 145
1134 3077 1167 3137 et
1190 3073 1263 3137 143.

781 3303 803 3401 ξ
833 3299 901 3381 21.
959 3298 1024 3380 1)ε
1051 3297 1197 3380 altera
1223 3298 1321 3398 lege
1352 3302 1374 3401 ᾗ
1403 3300 1471 3385 57.

359 3495 442 3570 Τούς
465 3495 498 3560 δ’
521 3489 797 3579 άπογιγνομένονς
820 3493 858 3560 ἐν
879 3505 946 3570 τοῖς
969 3494 1094 3582 δήμοις,
1118 3489 1174 3571 οοῖς
1193 3490 1237 3562 dv
1259 3495 1370 3582 μηδεὶς
1390 3490 1581 3583 α’ναιρῆται,
1605 3497 1831 3578 ἐπαγγελλέτω
1852 3492 1872 3561 o‘
1892 3498 2058 3586 δήμαρχος

195 3629 262 3692 τοῖς
292 3617 507 3703 προςήκοοσιν
532 3611 684 3704 α’ναιρετν
715 3625 772 3682 καὶ
799 3617 949 3684 θάπτειν
982 3625 1040 3682 καὶ
1069 3625 1249 3706 καθαίρειν
1274 3619 1334 3684 τάν
1362 3619 1482 3704 δῆμον,
1517 3622 1558 3716 τῇ
1584 3614 1692 3709 ἤμέρᾳ
1721 3611 1745 3718 ᾖ
1776 3616 1820 3686 ἂν
1853 3615 2059 3706 α’πογένηται

197 3741 331 3816 ἕκαστος
356 3732 483 3805 αάτοῖν.
506 3740 721 3822 ἐπαγγέλλειν
744 3740 780 3806 δὲ
803 3750 878 3827 περὶ
899 3744 962 3826 μὲν
984 3742 1051 3807 τοῖν
1074 3740 1199 3807 δούλων
1221 3741 1269 3828 τῷ
1291 3741 1442 3838 δεσπότῃ,
1472 3751 1546 3828 περὶ
1569 3742 1606 3808 dd
1627 3745 1695 3810 τάν
1717 3743 1903 3830 ἑλενθέρων
1925 3755 1990 3818 τοῖς
2012 3743 2056 3807 τά

197 3863 342 3949 χρήματ’
368 3862 510 3944 ἔχουσιν·
539 3861 603 3927 ἐάν
624 3862 661 3928 δὲ
682 3863 727 3948 μή
751 3857 774 3960 ᾖ
798 3863 952 3950 χρὴματα
976 3865 1025 3951 τῷ
1052 3857 1281 3939 α’ποθανάντι,
1310 3875 1376 3940 τοῖς
1403 3864 1594 3950 προςήαονσι
1616 3867 1675 3932 τοῦ
1697 3860 1934 3942 άποθανάντος
1957 3865 2059 3947 ἐπαμ-

196 3986 335 4065 γέλλειν.
375 3983 438 4049 ἐάν
469 3983 505 4050 δὲ
539 3987 597 4050 τοῦ
625 3985 794 4072 δημάρχου
824 3984 1080 4067 ἐπαγγείλαντος
1109 3984 1154 4071 μή
1184 3978 1392 4072 άναιροῗνται
1424 3991 1453 4051 cl
1485 3987 1713 4074 προςήτοντες,
1750 3983 1771 4052 ct
1800 3993 1862 4072 μέν
1892 3987 2057 4076 δήμαρχος

197 4102 468 4190 α’πομισθωσάτω
500 4101 629 4173 άνελετν
658 4116 715 4172 καὶ
742 4107 954 4194 καταθάψαι
982 4116 1039 4172 καὶ
1066 4109 1222 4192 καθᾶραι
1248 4107 1308 4174 τάν
1334 4109 1438 4194 δῆμον
1466 4103 1677 4196 αὐθημερόν,
1712 4105 1802 4188 ὅπως
1826 4106 1870 4177 ἂν
1892 4109 2058 4178 δύνωνται

197 4222 371 4310 άλιμίστον·
404 4228 467 4296 ἐάν
494 4229 530 4294 δὲ
558 4230 603 4314 μή
628 4223 867 4326 άπομισθάσῃ,
903 4225 1060 4313 άμειλέτω
1084 4233 1194 4313 χιλίας
1217 4229 1369 4316 δραχμάς
1395 4233 1443 4319 τῷ
1473 4231 1628 4320 δημοσίῳ.
1666 4226 1730 4309 isses
1758 4233 1790 4298 δ’
1817 4227 1861 4299 dv
1889 4227 2056 4328 άναλοίσμ,

198 4350 372 4417 διπλάσιον
394 4351 583 4437 πραξάσθω
607 4352 702 4438 παρά
726 4355 793 4418 τάν
816 4347 1028 4436 ὄφειλάντοιν·
1057 4351 1120 4418 ἐάν
1143 4352 1179 4418 δὲ
1201 4353 1245 4440 μή
1271 4353 1396 4450 πράξῃ,
1422 4348 1522 4426 αὐτάς
1546 4348 1703 4439 ε’φειλέτω
1726 4369 1792 4431 τοῖς
1816 4355 1987 4441 δημόταις.

356 4489 445 4575 Lege
478 4488 744 4576 praecipiebatur,
778 4488 856 4575 qnid
886 4488 1069 4555 iaciendum
1100 4495 1183 4556 esset
1215 4490 1398 4570 demarcho,
1435 4513 1508 4556 cum
1542 4491 1577 4556 in
1610 4491 1663 4559 via
1697 4499 1752 4559 aut
1786 4516 1860 4578 agro
1888 4492 1973 4559 demi
2006 4494 2058 4560 aui

197 4616 341 4678 mortuus
365 4608 436 4698 quis
455 4611 591 4698 jaceret,
627 4635 722 4699 quem
745 4635 803 4677 sua
825 4615 938 4698 sponte
967 4633 1061 4676 nemo
1085 4613 1222 4678 tolleret.
1279 4611 1479 4679 Demarchue
1503 4614 1604 4692 enim,
1638 4637 1679 4680 ne
1702 4637 1721 4680 a
1744 4614 1895 4681 cadavere
1917 4616 2057 4703 projecto

358 4943 378 5012 ¹)
415 4945 523 5013 Antiph.
552 4946 585 4999 de
609 4945 740 5000 choraula
765 4944 784 5012 θ
808 4950 841 4998 84
867 4924 958 4996 οὗτοι
988 4929 1054 5017 γάρ
1083 4931 1123 5026 τῇ
1152 4935 1215 5014 μὲν
1243 4929 1353 5028 πράτμ
1381 4927 1507 5020 ἡμέρᾳ,
1542 4925 1566 5028 ᾖ
1587 4927 1766 5000 άπέθανεν
1793 4928 1813 4996 o‘
1834 4945 1915 5009 παῖς
1938 4944 1995 5000 καὶ
2016 4936 2059 5031 τῇ

197 5027 371 5124 άστεραίμ,
401 5027 424 5130 ᾖ
447 5045 633 5121 προέκειντο
657 5029 728 5102 οὐδ’
752 5027 848 5102 αὐτοὶ
869 5030 982 5122 ἤξΙονν
999 5084 1135 5100 ......
1158 5037 1200 5131 τῇ
1220 5035 1258 5102 dd
1279 5046 1368 5133 τρίτῃ
1391 5032 1514 5127 ἤμίρρι,
1539 5030 1562 5135 ᾖ
1583 5037 1750 5125 ἐξεφέρετο
1774 5033 1795 5103 o‘
1817 5049 1898 5114 παῖς
1920 5064 1949 5102 κ.
1973 5065 2001 5104 τ.
2026 5040 2057 5105 λ.
