4638 5644
1093 245 1150 322 37

352 500 434 576 Τοῦς
459 500 494 564 δὲ
516 499 561 586 μη
587 496 810 574 άποδιδόντας
833 498 894 572 τάς
923 497 1102 581 μισθάσεις
1125 499 1192 564 τοῖν
1215 501 1359 582 τεμενῶν
1382 501 1449 565 τῶν
1472 500 1528 584 τῆς
1552 500 1637 562 θεοῦ
1659 507 1717 563 καί
1739 497 1805 564 τάν
1828 491 1940 563 ἄλλων
1961 499 2057 564 θεοῖν

189 630 246 686 καὶ
272 623 341 687 τοῦν
367 623 552 707 ἐπωνόμων
580 618 716 706 α’τίμους
743 619 830 687 εἶναι
858 627 915 685 καὶ
945 614 1067 696 adieris
1093 629 1150 685 aar
1177 605 1268 703 γένος
1299 631 1356 687 καὶ
1385 620 1604 708 κληρονόμους
1631 619 1706 696 τοῦς
1741 621 1883 697 τοῦτων,
1919 623 1980 696 ἕως
2009 615 2055 686 do

190 737 375 812 άποδοΐσιν.

349 865 474 952 Ouiquc
507 866 627 954 templo
661 863 730 950 agri
764 864 913 928 nonnulli
947 868 1056 942 erant,
1096 885 1231 948 quorum
1266 864 1475 930 conductione
1507 886 1562 941 ea,
1603 887 1684 948 quae
1718 863 1753 928 in
1787 885 1875 930 sacra
1909 865 2055 930 facienda

189 987 332 1073 aliosque
355 989 468 1076 templi
491 993 637 1077 sumptus
660 987 940 1074 impendebantur,
965 987 1171 1051 solvebantur
1183 987 1216 1068 ¹).
1264 986 1315 1050 Ex
1337 987 1397 1051 hac
1421 991 1528 1052 autem
1551 987 1622 1072 lege
1645 986 1723 1065 illi,¹
1741 986 1796 1072 qui
1818 987 1958 1074 pretium
1981 1009 2054 1052 oon-

189 1109 349 1176 ductionis
372 1135 530 1198 agrorum,
555 1111 610 1197 qui
633 1111 798 1176 Minervae
821 1115 877 1176 aut
900 1110 1011 1176 ceteris
1036 1107 1102 1174 deis
1127 1113 1182 1173 ant
1203 1109 1353 1174 heroibus
1377 1108 1542 1196 eponymis
1565 1109 1647 1174 sacri
1670 1115 1769 1188 erant,
1794 1133 1858 1174 non
1882 1111 2052 1188 solverant,

188 1233 324 1300 infames
353 1232 496 1321 (ἄτιμοι)
526 1240 617 1299 erant
639 1231 756 1320 stipsi
779 1237 812 1297 et
839 1232 981 1298 familiae
1003 1231 1199 1316 heredesque
1223 1255 1345 1311 eorum,
1377 1233 1477 1297 donec
1500 1233 1675 1298 solvebant.
1711 1241 1753 1280 ·'-
1790 1230 1928 1318 'Arlpor
1951 1232 2054 1297 Athe-

188 1355 350 1422 niensium
379 1357 485 1422 vanos
518 1356 635 1442 gradus
666 1356 765 1420 finisse
794 1379 833 1420 er
860 1355 986 1420 Andoc.
1012 1353 1051 1418 de
1085 1359 1216 1439 myster.
1247 1353 1422 1435 §re-76
1450 1355 1656 1440 cognovimus
1668 1355 1702 1438 ¹).
1759 1355 1848 1440 Quin
1874 1359 1982 1419 autem
2005 1377 2053 1433 ea,

189 1501 285 1563 quam
308 1480 387 1545 haec
409 1481 461 1545 lex
484 1479 637 1558 minatur,
670 1476 788 1565 άτιμία
812 1477 924 1543 eadem
947 1476 1044 1542 hierit
1066 1483 1161 1562 atque
1184 1476 1254 1556 illa,
1289 1501 1352 1563 qua
1374 1475 1560 1544 Andocides
1583 1481 1658 1556 τοῦς
1682 1475 1839 1570 άργῦριον
1861 1475 2054 1564 όφείλοντας

189 1605 237 1692 τῷ
249 1605 397 1694 δημοσίῳ
420 1601 504 1668 affici
523 1602 654 1690 profert,
680 1600 819 1668 dubitari
838 1623 904 1665 non
922 1589 1036 1688 potest,
1062 1623 1135 1664 cum
1154 1600 1333 1687 respublica
1354 1599 1510 1666 artissime
1531 1622 1605 1666 cum
1625 1603 1713 1667 cultu
1733 1601 1865 1666 deorum
1880 1601 2053 1666 cohaerens

190 1747 229 1788 ex
262 1725 358 1790 sacris
394 1727 479 1790 male
517 1723 746 1790 administratis
778 1723 932 1788 damnum
965 1745 1077 1810 capere
1110 1728 1227 1808 posset.
1291 1723 1339 1788 Hi
1381 1723 1539 1788 debitores
1573 1723 1674 1790 donec
1708 1724 1874 1789 solvebant
1907 1723 2055 1790 omnibus

190 1848 341 1913 carebant
362 1845 498 1934 publicis
523 1846 642 1913 civium
661 1845 796 1933 juribus,
811 1845 835 1927 ³)
859 1867 940 1931 quae
963 1851 1071 1910 tamen
1091 1845 1198 1910 debito
1219 1847 1325 1911 soluto
1345 1845 1453 1910 statim
1473 1847 1710 1932 recuperabant.
1750 1844 1786 1912 Si
1806 1853 1914 1912 autem
1936 1869 2054 1912 novem

190 1971 353 2035 mensibus
385 1970 502 2058 elapsis
534 1982 617 2034 non*
632 1970 812 2047 solverant,
853 1968 996 2032 debitum
1028 1969 1267 2055 duplicabatur,
1307 1967 1465 2053 simulque
1497 1970 1581 2033 bona
1613 1969 1791 2033 debitorum
1823 1969 2052 2036 vendebantur.

191 2091 337 2176 Quorum
359 2093 576 2180 publicatione
599 2093 626 2158 si
650 2093 793 2158 debitum
815 2091 1013 2178 duplicatum
1036 2092 1192 2171 luebatur,
1217 2088 1335 2178 άτιμία
1360 2092 1511 2170 cessabat,
1541 2091 1668 2176 siquid
1690 2097 1863 2178 supererat,
1894 2091 2055 2177 reliquum

191 2215 327 2280 debitori
358 2217 558 2282 reddebatur.
616 2215 681 2282 Sed
714 2215 741 2280 si
768 2215 904 2301 duplum
934 2213 967 2278 id
999 2237 1064 2278 non
1092 2219 1160 2278 erat
1187 2215 1342 2293 solutum,
1377 2212 1412 2278 in
1439 2237 1596 2280 carcerem
1624 2213 1746 2279 debitor
1773 2215 1887 2302 conjici
1919 2219 2052 2302 poterat.

192 2336 287 2421 Quod
310 2337 428 2423 siquis
451 2337 557 2404 debito
577 2361 642 2402 non
664 2339 768 2403 soluto
790 2341 934 2402 mortuns
954 2342 1030 2416 erat,
1056 2334 1174 2425 α’τιμία
1198 2337 1239 2402 ad
1259 2337 1376 2402 liberos
1397 2343 1429 2404 et
1448 2337 1475 2402 si
1496 2337 1531 2401 hi
1550 2359 1616 2401 non
1636 2336 1794 2416 vivebant,
1818 2339 1857 2403 ad
1873 2337 2055 2425 proximum

191 2482 349 2546 quemque
373 2460 524 2526 debitoris
553 2461 769 2548 propinquum
796 2461 1035 2548 propagabatur.
1085 2459 1121 2526 Si
1144 2465 1251 2524 antem
1274 2459 1433 2525 hereditas
1457 2459 1567 2524 relicta
1591 2464 1672 2538 erat,
1701 2481 1774 2524 cum
1797 2482 1835 2525 ea
1858 2459 1899 2524 ad
1921 2461 2055 2527 heredes

191 2582 334 2648 debitum
357 2584 589 2671 conjunctaque
614 2607 686 2650 cnm
710 2583 779 2670 ipsc
803 2580 924 2670 άτιμία
948 2582 1111 2661 transibat,
1137 2581 1171 2647 in
1194 2605 1257 2668 qua
1279 2583 1494 2661 remanebant,
1519 2582 1619 2646 donec
1642 2583 1816 2648 solvebant.

875 2834 896 2932 ξ
926 2831 993 2912 23.
1047 2828 1111 2909 ne
1139 2827 1236 2927 lege
1263 2831 1285 2930 5
1317 2828 1383 2911 71.

349 3019 430 3090 Ἐάν
452 3049 501 3100 τις
524 3025 632 3091 ἐλάαν
654 3019 833 3110 Ἀθήνησιν
855 3025 1022 3121 ἐξορύττῃ,
1053 3024 1116 3091 ἐάν
1137 3025 1182 3110 μη
1206 3028 1251 3102 εἰς
1274 3024 1363 3110 ἱερόν
1384 3019 1575 3108 Ἀθηναίων
1598 3021 1754 3108 δημόσιον
1781 3018 1802 3108 ἢ
1825 3022 2008 3108 δημοτικόν,
2033 3023 2056 3113 ἢ

191 3149 302 3234 ἐαυτῷ
334 3149 482 3233 χρῆσθαι
513 3157 610 3235 μέχρι
642 3147 732 3213 δυοῖν
758 3147 878 3214 ἐλάαιν
905 3150 963 3214 τοῦ
989 3147 1144 3214 ἐνιαυτοῦ
1171 3147 1324 3224 ἑκάστου,
1359 3143 1381 3232 ἢ
1413 3147 1470 3214 ἐπὶ
1503 3141 1729 3212 άποθανόντα
1762 3145 1817 3241 δέη
1851 3147 2053 3234 χρησασθαι,

191 3263 336 3352 όωεέλειν
359 3270 480 3337 ἐκατδν
503 3270 655 3358 δραχμάς
678 3273 725 3358 τῷ
748 3270 889 3357 δημοσίῳ
912 3272 968 3355 τῆς
992 3269 1096 3346 ἐλάας
1119 3269 1268 3356 ἑκάστης.
1293 3270 1329 3334 τδ
1354 3269 1391 3336 δὲ
1413 3269 1608 3336 ἐπιδέκατον
1630 3267 1748 3336 τοῦτου
1767 3271 1824 3354 τῆς
1844 3273 1929 3336 θεοῦ
1951 3270 2053 3339 εἶναι.

190 3386 345 3475 όωειλέτω
370 3392 406 3458 δέ
428 3402 485 3458 καὶ
507 3396 555 3480 τῷ
578 3392 689 3490 λδιιότη
713 3395 760 3481 τηῖ
783 3391 948 3468 ἐπεξιόντι
971 3392 1091 3459 ἑκατόν
1113 3393 1264 3480 δραχμάς
1287 3399 1373 3458 καθ’
1396 3392 1536 3478 ἑκάστην
1558 3391 1679 3459 ἐλάαν.
1708 3390 1769 3467 τάς
1793 3391 1829 3458 δὲ
1851 3393 1943 3470 δίκας
1967 3393 2056 3462 εἶναι

160 3593 164 3600 ⁴
190 3523 266 3602 περὶ
294 3516 419 3582 τούτων
447 3517 529 3604 πρός
556 3517 631 3593 τοῦς
661 3510 841 3603 ἄρχοντας,
872 3507 921 3581 οἷν
948 3517 1078 3580 ἕκαστοι
1108 3516 1361 3582 δικασταί·εέσι.
1393 3527 1577 3604 πρυτανεία
1601 3515 1637 3580 δὲ
1659 3520 1782 3580 τιθέτω
1805 3510 1826 3578 ό
1849 3515 1975 3583 διώκων
1997 3521 2057 3584 τοῦ

191 3631 297 3702 αῦτοῦ
326 3645 458 3724 μέρους.
490 3633 566 3704 ότου
596 3634 630 3703 δ’
659 3635 704 3704 άν
730 3641 971 3734 καταγνωσθῇ,
1007 3637 1238 3727 ἐγγραφόντων
1261 3643 1292 3704 ολ
1315 3633 1488 3723 ἄρχοντες,
1523 3638 1605 3725 πρός
1627 3633 1683 3714 οῦς
1711 3632 1754 3703 άν
1778 3631 1799 3733 ᾖ
1821 3633 1844 3724 q‘
1866 3637 1954 3724 δίκη,
1988 3652 2055 3716 τοῖς

190 3759 402 3847 πράκτορσιν,
427 3756 447 3824 δ
470 3763 517 3848 τῷ
540 3761 680 3850 δημοσίῳ
703 3772 863 3843 γίγνεται·
888 3757 908 3825 δ
931 3762 966 3827 δὲ
988 3763 1029 3856 τῇ
1051 3764 1124 3850 θεῷ
1146 3773 1303 3843 γίγνεται,
1328 3773 1393 3836 τοῖς
1415 3772 1551 3845 ταμίαις
1575 3762 1642 3826 τάν
1664 3762 1721 3845 τῆς
1743 3763 1840 3825 θεοῦ.
1865 3761 1928 3827 ἐάν
1950 3761 1987 3828 δὲ
2008 3763 2054 3850 μη

190 3879 412 3966 ἐγγράφωσιν,
445 3876 541 3950 οῦτοι
568 3877 782 3967 όωειλόντων.

349 4001 424 4066 Duo
454 4007 545 4066 erant
572 4025 690 4088 genera
713 4004 870 4069 olivarum
894 4003 1049 4096 Athenis,
1084 4001 1168 4068 inter
1191 4025 1287 4088 quae,
1323 4004 1409 4090 quod
1432 4003 1547 4069 attinet
1569 4004 1611 4070 ad
1637 4004 1739 4089 leges,
1774 4003 1887 4088 quibus
1911 4011 2055 4093 protege·

189 4122 318 4203 bantur,
347 4149 501 4212 magnum
524 4117 592 4190 erat
615 4124 794 4190 discrimen.
842 4135 971 4216 Μορίαι
994 4149 1075 4211 quae
1098 4125 1249 4190 dicuntur
1270 4127 1461 4214 propagines
1484 4133 1576 4191 erant
1599 4128 1667 4214 ejus
1691 4128 1792 4202 oleae,
1818 4149 1899 4212 quae
1922 4127 2055 4216 abipsa

190 4245 337 4312 Minerva
364 4247 399 4312 in
426 4271 497 4313 erce
521 4246 716 4313 Atheniensi
746 4253 814 4314 sata
841 4271 909 4314 esse
937 4249 1101 4314 dicebatur
1130 4273 1281 4335 sacraque
1311 4250 1495 4322 habebatur.
1549 4250 1694 4335 Quarum
1718 4250 1861 4316 olearum
1883 4273 1923 4315 ne
1947 4249 2055 4337 aliqua

189 4367 387 4434 excideretur
410 4393 503 4435 curae
527 4377 595 4436 erat
618 4371 743 4436 senatui
766 4371 979 4458 areopagiticc
1002 4370 1256 4456 hominibusque,
1281 4372 1395 4457 quibus
1419 4395 1438 4436 a
1460 4379 1574 4438 senatu
1596 4374 1685 4438 oleae
1709 4395 1815 4438 sacrae
1837 4371 2054 4459 inspiciendae

350 4665 370 4734 ¹)
407 4669 562 4736 Harpocran.
583 4688 605 4722 s.
625 4689 651 4722 v.
673 4649 742 4719 άπδ
767 4655 1007 4738 μισθωμάτων·
1032 4654 1157 4742 ἑκάστῳ
1181 4656 1245 4742 γάρ
1265 4657 1337 4743 θεῷ
1358 4656 1494 4743 πλέθρα
1514 4657 1572 4740 γῆς
1594 4649 1774 4738 άπένεμον,
1798 4655 1835 4731 ἐξ
1850 4649 1899 4720 civ
1918 4664 2056 4738 μισθου-

188 4747 298 4820 μένων
323 4745 359 4804 αλ
381 4745 427 4816 εἰς
450 4741 511 4816 τάς
534 4747 656 4818 θυσίας
679 4742 842 4823 ἐγίγνοντο
861 4742 1029 4808 δαπάναι.
1069 4757 1104 4810 cf.
1126 4759 1440 4827 Boeckh.l.c.1pag.
1463 4762 1514 4811 325
1533 4776 1590 4826 sqq.

349 4857 371 4924 ⁹)
408 4860 442 4916 cf.
456 4861 489 4913 de
508 4868 563 4913 tota
581 4861 632 4915 hac
649 4865 757 4915 materia
777 4883 802 4914 v.
817 4861 950 4930 Lelyveld‚
972 4855 1047 4933 napi
1067 4841 1220 4931 άτιμέας,·
1244 4863 1341 4931 inspice
1358 4865 1497 4932 praecipue
1515 4881 1575 4931 pag.
1597 4865 1649 4916 240
1668 4881 1724 4931 sqq.

348 4961 371 5031 ⁸)
407 4965 747 5035 Becke1·‚Anecdct.peg.
770 4971 821 5021 las
845 4946 961 5036 άτιμος
982 4947 1005 5014 ό
1027 4944 1236 5038 ἐστερημένος
1259 4954 1316 5038 τῆς
1339 4959 1540 5040 παρρησίας,
1566 4947 1649 5018 cioca
1672 4950 1755 5039 μήτε
1778 4952 1949 5030 βουλεύειν
1972 4954 2056 5039 μήτε

190 5052 336 5128 δικάζειν
358 5054 440 5140 μήτε
464 5049 578 5143 άρχειν
600 5056 682 5143 μήτε
706 5057 940 5123 πολιτεύεσθαι
963 5056 1045 5143 μήτε
1068 5053 1148 5122 άλλο
1171 5083 1202 5122 τι
1225 5059 1293 5124 τεόν
1315 5061 1435 5124 κοινοῦν
1458 5071 1577 5124 ποιεῖν.
