4638 5644
1148 241 1205 321 36

242 502 276 564 et
297 496 458 584 insepulto
482 501 552 564 tote
573 497 660 584 regio
682 497 888 584 pollueretur,
910 494 1094 600 jubebatur,
1113 491 1299 581 propinquis
1323 492 1473 572 defuncti,
1498 499 1534 558 ut
1554 493 1688 562 cadaver
1710 495 1860 559 tollerent
1882 499 1915 560 et
1937 493 2110 581 sepelirent

243 625 277 687 et
304 619 433 686 demum
464 621 637 685 lustrarent
667 618 859 684 denunciare
890 622 923 683 et
952 616 1081 703 quidem
1110 622 1151 715 τῇ
1172 614 1279 707 ἤμέρᾳ
1303 612 1326 716 ᾖ
1349 614 1393 685 ἄν
1417 613 1622 705 ἀπογένηται
1650 622 1782 692 ἕκαστος
1809 614 1933 687 αὔιοῖν,
1985 617 2109 702 Quibus

242 740 279 808 in
301 741 405 808 verbis
428 742 590 808 Frenlrins
612 743 634 807 l.
660 765 686 806 o.
710 765 782 829 pag.
809 742 850 806 74
874 739 1007 806 offendit
1029 762 1193 825 quaerens,
1219 739 1375 824 quomodo
1398 739 1459 804 hoc
1482 739 1551 804 fieri
1574 740 1738 826 potuisset,
1768 741 1795 804 si
1818 741 1888 826 quis
1912 741 2023 807 eodem
2046 740 2107 820 die,

244 885 308 949 qno
336 833 481 930 mortuus
510 871 610 943 esset,
646 887 710 930 non
741 863 891 928 inventus
919 869 1011 928 esset.
1069 860 1261 928 Rectissime
1287 862 1348 928 hec
1377 860 1412 926 in
1442 883 1476 926 re
1500 861 1631 928 offendit
1660 861 1710 926 vir
1733 862 1863 942 doohre,
1899 863 2108 950 adjiciamque

244 986 387 1062 accidere
411 1009 535 1073 quoquc
557 987 715 1074 potuisse,
740 993 777 1051 ut
800 985 981 1064 defunctus,
1007 985 1067 1052 etsi
1089 983 1300 1061 inveniretur,
1332 1005 1398 1048 nou
1421 983 1528 1050 statim
1552 991 1791 1070 agnosceretur,
1823 983 1893 1070 quis
1916 993 2012 1065 esset,
2041 986 2109 1072 qui·

243 1109 365 1194 busque
389 1114 533 1174 uteretur
555 1109 750 1204 propinquis.
797 1109 953 1174 Attamen
976 1131 1047 1173 eam
1069 1107 1169 1172 sclam
1193 1107 1232 1172 ob
1256 1129 1399 1172 caussam
1422 1129 1487 1172 non
1510 1111 1608 1172 totam
1635 1107 1716 1193 legis
1738 1107 1908 1174 formulam
1930 1109 2108 1176 Franlrium

245 1237 372 1297 secutus
402 1255 422 1296 a
454 1231 583 1298 falsario
617 1231 812 1320 suppositam
842 1229 1071 1316 judicaverim,
1106 1229 1163 1294 sed
1190 1229 1231 1295 ad
1259 1228 1450 1294 medicinam
1477 1229 1631 1294 leviorem
1658 1230 1828 1316 confugere
1860 1231 1979 1296 malim.
2037 1231 2108 1318 Ego

245 1354 333 1420 enim
365 1355 537 1440 legendum
564 1377 633 1420 esse
663 1352 798 1441 conjicio
828 1358 868 1451 τῇ
894 1351 1001 1443 ἡμέρᾳ
1029 1347 1052 1451 ᾖ
1079 1349 1123 1423 ἄν
1152 1354 1395 1439 ἐπαγγέλληται
1421 1355 1546 1443 ἑκάστῳ
1575 1350 1706 1431 αὐτῶν,
1743 1376 1806 1438 qua
1837 1353 2013 1420 mutatione
2044 1377 2109 1420 non

248 1476 420 1554 admodum
447 1476 537 1562 gravi
565 1476 673 1542 omnia
701 1477 785 1542 clera
812 1481 845 1540 et
877 1474 1045 1562 perspicua
1073 1475 1163 1540 fiunt.
1219 1474 1419 1562 Propinquos
1447 1474 1545 1561 igitur
1575 1476 1684 1542 eodem
1714 1476 1765 1540 die
1796 1475 1901 1542 officio
1928 1475 2108 1542 satisfacere

245 1599 298 1662 lex
325 1598 431 1686 jubet,
465 1622 528 1684 quo
552 1623 571 1664 a
593 1599 762 1665 demarcho
786 1597 934 1663 certiores
964 1595 1040 1662 facti
1063 1602 1145 1662 sunt.
1193 1601 1342 1666 θάπτειν
1368 1603 1476 1663 antem
1506 1599 1697 1664 vocabulum
1726 1599 1806 1664 mihi
1833 1621 1899 1665 non
1921 1600 2108 1664 insensum

247 1727 314 1788 tam
352 1721 516 1810 proprium
554 1745 650 1808 quam
687 1721 829 1786 Frankio
863 1719 1082 1808 accipiendum
1120 1719 1245 1786 videtur
1283 1743 1370 1800 esse,
1410 1720 1466 1786 sed
1498 1721 1605 1809 potius
1640 1721 1736 1788 etiam
1769 1723 1932 1812 πρόθεσιν
1966 1721 2108 1787 defuncti

246 1844 430 1932 complecti,
462 1867 543 1932 quae
566 1851 665 1925 certe,
697 1844 759 1910 nisi
786 1865 895 1909 servus
918 1841 980 1908 fuit
1002 1847 1146 1908 mortuus
1175 1865 1277 1927 neque
1301 1843 1434 1909 cadaver
1460 1843 1556 1910 nimis
1579 1844 1759 1932 putridum,
1795 1867 1920 1932 semper
1942 1843 2027 1910 facte
2049 1851 2106 1910 est.

245 1965 298 2031 De
321 1966 480 2034 lustrandi
503 1967 568 2032 ritu
591 1967 629 2034 cf.
654 1967 866 2036 Schoemann.
891 1965 1032 2029 Alterth.
1057 1966 1095 2029 Π
1117 1989 1188 2052 pag.
1215 1966 1276 2029 221
1301 1971 1335 2031 et
1357 1967 1431 2032 328.

406 2090 516 2157 Verba
545 2113 626 2175 quae
656 2094 833 2175 sequuntur
859 2087 933 2152 inde
963 2089 1002 2153 ab
1029 2090 1244 2171 ἐπαγγέλλειν
1273 2111 1374 2176 nsque
1397 2091 1437 2155 ad
1464 2093 1681 2175 ἐπαγγέλλειν
1707 2091 1798 2177 quasi
1821 2096 1896 2156 sunt
1917 2090 2105 2178 interjectio,

248 2233 349 2297 quac,
385 2213 500 2297 quibus
532 2236 551 2277 a
582 2212 750 2278 demarcho
782 2210 825 2276 sit
854 2210 1082 2290 nuntiandum,
1117 2210 1306 2277 accuratius
1326 2211 1465 2300 exponit.
1498 2252 1541 2259 —
1573 2220 1603 2280 ot
1634 2215 1677 2280 ad
1706 2216 1861 2305 χρήματα
1889 2215 2017 2300 ἔχοντες
2049 2235 2106 2300 pro

246 2335 442 2425 κληρονόμοι
465 2335 583 2402 usitata
605 2334 732 2400 videtur
754 2333 851 2398 fuisse
874 2331 992 2399 locutio
1014 2331 1049 2397 in
1072 2331 1195 2418 legibue
1210 2333 1463 2400 Atheniensibus
1487 2334 1526 2400 cf.
1550 2335 1585 2400 in
1604 2335 1736 2402 Macart.
1761 2339 1848 2418 516.
1873 2374 1916 2382 —
1940 2335 1977 2400 Si
1999 2341 2107 2400 antem

246 2455 419 2546 propinqui
446 2481 465 2523 a
495 2457 663 2523 demarcho
692 2455 839 2521 certiores
866 2454 942 2520 lacti
972 2454 1075 2520 officio
1106 2477 1163 2523 suo
1192 2455 1321 2546 desunt,
1358 2456 1545 2522 demarchus
1577 2457 1712 2523 cadaver
1743 2457 1920 2523 tollendum
1953 2457 2108 2544 sepelien-

247 2581 387 2665 dumque
411 2586 443 2644 et
472 2601 590 2666 pagum
616 2577 818 2643 lustrandum
846 2579 928 2642 locet
952 2599 1047 2663 quam
1073 2578 1205 2642 minimo
1227 2577 1352 2666 poterit.
1386 2618 1428 2626 —
1462 2578 1546 2646 Cum
1568 2579 1701 2646 Reiskio
1724 2602 1782 2666 pro
1806 2582 1987 2658 δύνωνται,
2022 2578 2108 2665 quod

247 2701 372 2766 codices
400 2702 565 2779 exhibent,
601 2703 741 2788 δύνηται
764 2700 966 2765 scribendum
994 2722 1061 2766 esse
1091 2723 1216 2780 censeo,
1251 2725 1323 2767 cum
1351 2697 1590 2788 anapaestum
1612 2725 1676 2767 non
1698 2707 1908 2789 μισθοῦσθαι
1931 2708 1961 2769 ολ
1983 2709 2106 2786 μισθω-

249 2827 386 2911 σάμενοι
415 2823 670 2890 subaudiendum
698 2845 765 2889 esse
796 2847 813 2888 e
844 2829 911 2888 tota
932 2822 995 2888 loci
1021 2825 1254 2890 constructione
1282 2832 1439 2912 appareat.
1497 2825 1574 2891 Non
1598 2832 1704 2890 autem
1728 2823 1931 2901 crediderim,
1966 2823 1999 2888 id
2022 2823 2108 2908 quod

248 2947 320 3012 vult
343 2945 532 3013 Schaeferus
562 2969 670 3034 appar.
694 2946 792 3011 critic.
822 2969 849 3012 a.
873 2946 905 3010 h.
929 2947 966 3024 l.,
1003 2947 1160 3036 pluralem
1186 2948 1326 3034 positum
1349 2970 1417 3014 esse
1446 2971 1554 3035 posse,
1590 2955 1753 3033 tammam
1780 2945 1807 3012 si
1831 2947 2051 3014 antecessisset
2078 2954 2108 3015 ot

247 3071 420 3159 δήμαρχοι,
446 3092 518 3134 cum
538 3091 663 3158 semper
681 3069 741 3132 hac
763 3068 798 3132 in
821 3070 892 3155 lege
912 3069 1082 3154 singularis
1102 3072 1268 3159 δήμαρχος
1289 3076 1399 3136 exstet.
1417 3109 1459 3117 -
1484 3071 1521 3138 si
1541 3071 1727 3136 demarchus
1747 3093 1811 3134 uon
1831 3070 1992 3148 locaverit,
2017 3069 2107 3135 mille

248 3191 413 3256 drachmas
441 3191 560 3256 aerario
588 3189 715 3277 publico
742 3191 883 3277 pendito.
934 3191 1015 3277 Ejus
1046 3199 1167 3272 autem,
1204 3191 1289 3278 quod
1315 3192 1522 3280 impenderit,
1559 3193 1692 3281 duplum
1716 3215 1735 3258 a
1756 3192 1944 3258 debentibus
1971 3192 2106 3278 exigito;

247 3313 331 3398 quod
361 3313 423 3379 nisi
450 3312 579 3391 fecerit,
615 3312 683 3400 ipse
712 3312 824 3378 debeto
855 3313 976 3380 aerario
1006 3312 1100 3379 demi.
1157 3314 1347 3382 Rectissime
1374 3316 1409 3380 in
1431 3316 1521 3402 lege,
1557 3315 1641 3402 quod
1668 3314 1788 3380 aerario
1815 3313 1943 3401 publico
1968 3323 2000 3380 et
2023 3315 2108 3401 quod

247 3435 368 3502 aerario
402 3436 487 3502 demi
520 3436 634 3501 debeat
665 3435 870 3514 demarchus,
908 3435 934 3500 ei
969 3435 1073 3501 officio
1107 3460 1165 3502 suo
1199 3460 1264 3502 non
1296 3437 1486 3517 satisfaciat,
1522 3423 1737 3524 distinguitur.
1796 3437 1883 3501 Nam
1915 3438 1942 3502 si
1975 3438 2108 3505 cadaver

246 3558 427 3624 tollendum
450 3580 515 3623 non
535 3564 633 3637 curat,
658 3557 704 3622 rei
726 3559 882 3645 publicae,
907 3557 1024 3645 quippe
1044 3581 1125 3643 quae
1147 3561 1319 3645 polluatur,
1344 3567 1446 3640 nocet,
1472 3561 1498 3626 si
1518 3568 1624 3626 autem
1644 3559 1729 3644 quod
1752 3558 1911 3646 impendit
1929 3568 1960 3625 et
1980 3559 2107 3647 quidem

249 3705 288 3747 ex
311 3679 432 3747 aerario
457 3681 629 3746 dominon
652 3680 765 3767 exigit,
795 3681 907 3746 demus
930 3681 1082 3746 damnum
1106 3681 1199 3768 capit.

407 3803 477 3869 Lex
501 3809 607 3870 autem
630 3805 724 3884 haec,
758 3827 853 3890 quam
876 3803 937 3869 viri
960 3803 1058 3884 docti,
1090 3803 1146 3890 qui
1167 3805 1408 3893 inscriptionem
1429 3805 1536 3886 illam,
1570 3829 1664 3891 quam
1686 3829 1758 3892 pag.
1784 3807 1825 3870 67
1850 3805 2106 3884 commemoravi,

248 3953 313 3994 non
332 3928 400 4016 jam
424 3933 591 4006 noverant,
621 3951 693 3993 curn
716 3927 785 4006 illa,
811 3951 892 4013 quae
918 3927 953 3992 in
976 3927 1118 3993 oratione
1145 3927 1316 4008 antecedit,
1342 3928 1575 4014 quodammodo
1599 3927 1792 4015 conjungere
1815 3929 2018 4006 studuerunt,
2042 3949 2107 3992 non

248 4051 397 4117 cohaeret
419 4074 491 4116 cum
515 4073 568 4129 ea,
603 4049 743 4128 nisiae,
778 4051 861 4136 quod
888 4050 922 4114 in
951 4051 1011 4115 hac
1034 4056 1066 4114 et
1092 4049 1127 4115 in
1156 4049 1214 4115 illa
1241 4051 1429 4139 propinquis
1452 4051 1556 4116 officia
1578 4074 1654 4136 erga
1676 4057 1816 4116 mortuos
1839 4049 2106 4138 praescribuntur.

248 4173 279 4238 Ε
307 4174 461 4240 vocabulo
489 4197 563 4240 vcro
592 4176 637 4241 δέ·
656 4171 742 4258 quod
768 4169 803 4236 in
829 4171 923 4238 initio
950 4172 1068 4258 legitur
1099 4175 1186 4252 (σούς
1210 4176 1242 4241 d’
1266 4169 1557 4262 ἀπογιγνομένους)
1588 4175 1671 4238 hanc
1693 4175 1798 4260 legem
1820 4174 1853 4238 in
1877 4172 1994 4238 tabulis
2017 4172 2107 4252 elias,

249 4319 330 4382 quae
353 4295 485 4363 fortasse
509 4297 638 4362 eaedem
661 4294 701 4359 ad
724 4294 908 4361 demarchos
935 4295 1150 4383 pertinebant,
1182 4303 1323 4362 secutam
1350 4321 1418 4363 esse
1445 4295 1600 4383 conjicere
1628 4297 1714 4362 licet.
1771 4297 1803 4360 A
1832 4318 1894 4380 qno
1922 4301 2030 4360 autem
2056 4299 2108 4362 lex

248 4420 366 4506 scripta
388 4418 438 4498 sit,
463 4441 521 4505 pro
541 4425 626 4484 certo
646 4417 814 4505 dijudicari
836 4441 901 4484 non
924 4423 1038 4506 potest,
1063 4443 1145 4498 cum,
1170 4444 1269 4506 aquo
1290 4420 1451 4486 demarchi
1474 4419 1614 4485 instituti
1635 4418 1709 4497 sint,
1733 4442 1798 4482 non
1822 4441 1950 4505 prorsus
1970 4424 2107 4496 constet;

249 4541 288 4607 of.
314 4542 488 4626 Schelling.
513 4543 534 4605 l.
560 4563 586 4606 o.
610 4565 681 4627 pag.
709 4544 750 4606 75
775 4564 835 4628 sq,
860 4541 979 4606 Frank.
1004 4542 1026 4606 l.
1052 4565 1077 4606 e.
1101 4565 1173 4629 pag.
1200 4545 1274 4608 740.

1117 4740 1138 4838 c
1176 4735 1243 4817 aa

408 4909 531 4995 Quarta
557 4911 624 4988 lex,
660 4932 724 4995 qua
746 4914 852 4975 orator
874 4909 1006 4996 probare
1029 4909 1151 4990 studet,
1186 4909 1380 4998 propinquos
1406 4933 1472 4974 non
1495 4911 1599 4974 solum
1624 4909 1836 4974 hereditatem
1858 4907 1999 4996 accipere
2021 4909 2109 4994 leges

247 5033 342 5112 velle,
366 5032 422 5100 sed
446 5031 542 5098 etiam
566 5031 671 5098 officia
693 5031 807 5112 subire,
833 5032 898 5118 egit
922 5032 961 5097 dc
983 5033 1141 5098 locatione
1164 5031 1400 5118 possessionum
1421 5033 1623 5120 templorum.
1669 5031 1843 5119 Reperitur
1865 5031 1900 5096 in
1923 5031 1943 5118 ᾗ
1966 5031 2020 5101 58.
