4638 5644
208 455 362 543 scriptum
385 462 434 522 est
457 459 694 546 Φανοστράτην
716 459 777 546 τήν
795 465 956 546 Στρατίου
979 466 1167 547 θυγατίρα.
1198 457 1237 523 of.
1255 459 1350 524 Blass
1373 458 1498 526 attisoh.
1514 459 1644 526 Bereds.
1663 463 1701 527 Π
1724 485 1794 549 pag.
1813 463 1875 528 531
1901 469 2009 528 annot.
2026 464 2073 530 Π.

208 579 346 646 Accedit
369 581 432 646 alia
454 603 517 660 res,
545 601 625 665 quae
650 580 862 667 conjecturae,
893 603 988 664 quam
1011 581 1143 667 protuli,
1172 581 1267 648 favet.
1315 583 1421 648 Testis
1444 583 1530 649 enim
1552 588 1573 664 ξ
1595 585 1639 648 42
1662 610 1735 652 cum
1757 589 1888 672 nepotes
1910 591 2077 652 enumeret

208 705 331 768 nullam
366 703 480 770 Buseli
512 709 641 791 neptem
675 709 800 791 praetor
835 706 1072 794 Φανοστράτην
1104 705 1249 770 nominat
1279 729 1382 792 neque
1409 710 1610 797 Φυλομάχην
1643 732 1747 794 neque
1779 708 1941 775 Habronis
1972 709 2074 775 filiam

208 851 311 914 neque
343 831 518 916 Οἰνάνθην
551 831 583 909 (ξ
606 829 663 906 36,
697 830 737 909 1).
797 826 903 918 Quam
926 828 965 891 ob
996 851 1065 892 rem
1096 829 1196 893 solam
1229 831 1465 920 Φανοστράτην
1491 832 1801 912 commemoraverit,
1836 831 1983 918 intellegi
2009 856 2074 898 non

207 959 320 1040 potest.
358 992 400 1000 —
436 951 540 1037 Atqui
569 950 604 1015 in
621 953 692 1030 hoc
719 950 787 1038 ipso
817 949 998 1017 testimonio
1028 975 1124 1037 grave
1151 953 1235 1018 inest
1262 959 1503 1039 argumentum,
1540 977 1602 1040 quo
1629 955 1811 1022 testimonia
1837 955 1978 1042 genuina
2004 933 2073 1021 esse

207 1077 367 1163 probatur.
422 1073 535 1139 Mirari
558 1073 645 1139 enim
667 1075 758 1154 licet,
794 1074 878 1159 quod
900 1097 994 1139 nemo
1018 1098 1127 1141 eorum
1148 1077 1316 1142 hominum
1338 1078 1428 1144 testis
1451 1077 1486 1143 in
1508 1079 1568 1143 hac
1591 1077 1734 1144 oratione
1756 1079 1956 1166 producitur,
1994 1101 2071 1163 quos

208 1198 365 1265 exstitisse
389 1198 473 1264 lsaei
497 1198 638 1264 oratione
662 1197 872 1285 comperimus
898 1199 986 1262 velut
1010 1199 1175 1266 Stratoclis
1198 1206 1231 1266 et
1253 1201 1366 1268 Stratii
1388 1203 1427 1266 H
1454 1201 1578 1266 liberos.
1637 1201 1745 1286 Quam
1773 1203 1812 1268 ob
1839 1225 1907 1267 rem
1930 1202 2071 1267 Wester·

208 1346 344 1389 mannus
374 1321 558 1400 falsarium,
595 1345 690 1407 quem
719 1320 901 1386 testimonia
924 1321 1135 1409 composuisse
1166 1329 1258 1410 putat
1287 1325 1462 1391 orationem
1489 1325 1575 1390 Isaei
1604 1349 1668 1390 non
1696 1325 1810 1412 legisse
1839 1324 2071 1410 quodammodo

208 1448 353 1516 concedit
366 1448 400 1528 1).
459 1445 524 1513 Sed
550 1445 585 1509 in
611 1445 671 1509 hoc
698 1443 879 1510 testimonio
903 1443 1075 1512 Stratocles
1098 1446 1281 1514 nominatur
1303 1454 1466 1534 recteque,
1502 1449 1586 1534 quod
1610 1471 1648 1513 ex
1670 1448 1756 1514 Isaei
1778 1448 1918 1514 oratione
1942 1447 2069 1527 scimus,

208 1575 293 1640 filius
317 1570 503 1638 Charidemi
526 1569 685 1652 fraterque
709 1568 907 1655 Theopompi
930 1574 1075 1648 vocatur,
1111 1593 1303 1658 quamquam
1325 1572 1360 1637 in
1384 1571 1525 1638 oratione
1548 1571 1583 1636 in
1605 1572 1737 1636 Macert.
1762 1571 1928 1638 Stratoclia
1950 1569 2071 1636 mentio
2132 1605 2136 1613 =

207 1721 273 1762 non
296 1698 340 1761 fit.
388 1694 483 1762 Unde
506 1691 604 1779 igitur
627 1689 748 1778 accepit
771 1689 917 1756 fulserim
940 1715 1057 1758 nornen
1077 1692 1243 1760 Stratoclia
1263 1695 1394 1782 ejusque
1417 1692 1582 1760 affinitatis
1604 1694 1860 1782 conjunctionem
1880 1717 1953 1759 cum
1975 1698 2070 1779 gente

206 1821 346 1886 Busoli‘?
402 1819 454 1882 Ex
483 1817 574 1881 Isaeo
603 1817 663 1879 hoc
694 1838 794 1879 unum
821 1839 939 1880 nornen
969 1815 1159 1903 sumpsisse,
1196 1818 1274 1884 alios
1304 1826 1411 1884 autem
1440 1816 1603 1896 homines,
1640 1841 1718 1903 quos
1750 1817 1806 1883 ille
1834 1821 2068 1896 commemorat,

206 1943 371 2010 falsarium
393 1939 571 2028 neglexisse
592 1961 611 2003 a
629 1939 763 2004 veritate
784 1911 950 2004 abhorrere
971 1939 1105 2005 videtur.
1145 1940 1260 2006 Alium
1282 1939 1411 2020 fontem,
1436 1964 1531 2027 equo
1553 1911 1681 2007 haurire
1704 1942 1852 2028 potuerit,
1876 1941 2069 2028 ignoramus.

206 2068 301 2135 Nihil
328 2066 426 2153 igitur
454 2065 611 2149 reliquum
643 2068 707 2140 est,
744 2060 807 2126 nisi
835 2068 872 2126 ut
901 2061 1119 2128 testimonium
1146 2065 1322 2150 genuinum
1345 2063 1571 2130 existimemus.
1630 2065 1725 2151 Quod
1747 2065 1886 2130 multum
1909 2063 2007 2129 etiam
2029 2062 2071 2128 ad

206 2191 271 2257 alia
293 2187 478 2256 testimonia
500 2188 624 2264 valere,
657 2183 727 2270 quis
750 2206 815 2248 non
837 2183 1029 2270 intellegat?
1075 2185 1227 2252 Ceterum
1253 2188 1343 2254 testis
1370 2187 1491 2275 primus
1514 2188 1597 2253 nihil
1620 2187 1711 2268 facit,
1745 2187 1808 2253 nisi
1831 2186 1915 2272 quod
1937 2190 2067 2271 gentem

206 2314 434 2382 Busolidarum
464 2307 626 2396 usquead
656 2312 805 2393 quartmn
831 2308 966 2393 gradum
989 2314 1154 2375 enumerat
1177 2316 1209 2376 et
1237 2312 1296 2376 hoc
1319 2312 1413 2377 modo
1436 2310 1632 2378 demonstrat
1653 2309 1849 2376 Eubulidam
1872 2309 1910 2374 H
1937 2306 2068 2374 meliore

206 2435 403 2527 cognationis
429 2435 501 2522 jure
525 2455 598 2499 oum
620 2430 751 2517 Hagnia
774 2429 980 2517 conjunctum
1003 2455 1070 2498 esse
1094 2457 1189 2519 quam
1213 2434 1464 2522 Theopompum.
1499 2473 1542 2482 -
1574 2435 1616 2499 In
1643 2433 1782 2500 secundo
1809 2431 1990 2498 testimonio
2012 2454 2070 2518 pro

206 2567 445 2654 προςκλαίουσα
473 2555 675 2624 scribendum
699 2559 747 2620 est
774 2557 855 2646 πρδς
878 2557 1061 2626 Γλαύκωνα
1089 2556 1310 2623 emendatione
1338 2558 1513 2624 certissima
1536 2563 1568 2624 et
1594 2557 1833 2623 evidentissima
1855 2553 2071 2624 Schoemanni

207 2689 246 2754 ad
274 2687 404 2751 Isaeum
434 2705 505 2769 pag.
529 2681 596 2746 450
624 2683 731 2744 annot.
755 2679 803 2743 Π.
860 2679 968 2744 Litem
997 2685 1106 2744 contra
1134 2677 1333 2746 Glauconem
1361 2683 1429 2768 jam
1457 2683 1495 2746 ab
1526 2681 1687 2747 Eubulide
1711 2681 1749 2745 Π
1778 2679 1959 2745 institutam
1989 2701 2067 2757 esse,

205 2809 291 2897 quod
314 2831 353 2873 ex
375 2807 436 2872 hoc
459 2811 491 2868 et
513 2802 717 2888 sequentibus
741 2801 931 2868 testimoniis
955 2809 1098 2891 apparet,
1131 2827 1186 2870 our
1212 2804 1246 2868 in
1270 2804 1501 2870 dubitationem
1528 2829 1690 2884 vocemus,
1722 2804 1782 2868 etsi
1809 2801 1940 2867 oratoris
1963 2798 2068 2866 verbis

207 2956 272 2998 non
296 2930 483 3006 affirmatur,
512 2926 603 2992 nulla
625 2932 673 2992 est
696 2948 815 2992 caussa.
862 2923 981 2992 Omnia
1003 2928 1080 2992 haec
1103 2926 1285 2992 testimonia
1307 2927 1548 3008 Euctemonem,
1578 2927 1632 3012 qui
1654 2925 1767 3018 ἄρχων
1788 2925 1943 3005 baccheia
1965 2923 2071 2988 fuerat

205 3053 390 3131 nominant,
419 3052 576 3118 secundus
599 3056 706 3117 autem
728 3049 827 3128 testis,
857 3049 912 3136 qui
934 3073 1009 3114 eum
1031 3047 1177 3137 άδτληοδν
1199 3047 1402 3140 ὁμοπάτριον
1428 3054 1583 3142 Φιλάγρῳ
1607 3055 1713 3130 vocat,
1748 3047 1852 3114 filium
1875 3070 1949 3112 oum
1970 3045 2068 3111 fuisse

205 3177 419 3245 Eubulidisl
449 3177 611 3242 exaltem
632 3197 730 3239 uxore
752 3179 865 3238 natum
892 3196 950 3238 nos
973 3167 1073 3238 docet.
1121 3169 1231 3238 Testes
1254 3173 1384 3258 reliqui,
1419 3175 1474 3260 qui
1497 3198 1514 3239 e
1537 3181 1632 3262 gente
1655 3171 1817 3240 Habronis
1840 3172 1892 3238 vel
1916 3168 2068 3236 Oleocriti

204 3301 304 3367 fuisse
327 3299 477 3366 videntur
499 3297 583 3364 nihil
605 3297 680 3362 nori
703 3297 851 3376 afferunt,
882 3296 946 3362 nisi
968 3296 1051 3381 quod
1074 3295 1246 3382 Philagms
1268 3296 1475 3364 Philomache
1498 3298 1518 3362 I
1539 3297 1666 3364 mortua
1689 3296 1880 3383 Telesippen
1903 3294 1938 3358 in
1961 3287 2069 3356 matri·

206 3423 350 3490 monium
374 3423 508 3501 duxerit,
534 3445 573 3488 er
596 3443 695 3506 eaque
718 3425 812 3486 natus
835 3419 878 3485 sit
899 3420 1114 3500 Menestheus,
1143 3443 1238 3505 quem
1261 3425 1365 3502 orator
1387 3419 1421 3484 in
1443 3424 1464 3502 ξ
1488 3423 1529 3486 74
1553 3428 1668 3490 οἰκεῖον
1694 3421 1892 3507 Φυλομάχης
1913 3415 2067 3482 nominat.

365 3567 461 3645 313.
508 3564 649 3628 Transeo
672 3561 713 3627 ad
736 3567 912 3626 extremum
934 3562 1030 3649 hujus
1054 3561 1205 3628 orationis
1228 3560 1455 3628 testimonium.
1501 3563 1618 3629 Exstat
1639 3563 1675 3628 in
1697 3565 1717 3644 ξ
1741 3563 1801 3626 70:

366 3709 600 3794 Μοιρτυροδσιν
635 3701 861 3792 οἷκολουδῆσαι
894 3702 1103 3796 Ἀραφῆνάδε
1137 3707 1410 3795 παρακληθέντες
1444 3701 1511 3773 δπδ
1547 3712 1715 3772 Σωσιθέου
1749 3710 1794 3782 τίς
1831 3704 1906 3780 τοδς
1940 3697 2069 3783 Ἅγνίου

205 3826 342 3920 άγροδς,
376 3829 488 3916 ἐπειδη
515 3829 710 3912 Θεόπομπος
738 3828 955 3894 ἐπεδικάσατο
981 3807 1044 3898 τοῦ·
1065 3831 1183 3918 κλήρου
1210 3832 1268 3896 τοῦ
1290 3825 1417 3910 Sorvae
1440 3838 1497 3894 καὶ
1519 3829 1744 3897 ἐπιδεικνύναι
1767 3823 1879 3904 αδτοῖς
1901 3831 2070 3893 Σωσίθεον

204 3953 266 4031 τάς
289 3953 393 4030 ἐλάας
416 3953 676 4039 πρεμνιζομένας
698 3952 736 4017 ἐκ
758 3953 816 4017 τοῦ
837 3947 965 4033 Ἁγνίου
988 3947 1104 4039 άγροῦ.

365 4091 428 4156 oui
450 4089 631 4156 testimonio
657 4089 739 4154 nihil
766 4090 870 4154 inesse
893 4112 954 4174 quo
976 4089 1125 4171 offendas,
1151 4093 1415 4156 Westermannus
1436 4113 1562 4176 quoque
1582 4090 1735 4156 concedit.
1776 4053 1886 4155 Testes
1907 4087 2069 4154 affirmant

204 4239 238 4282 se
263 4239 282 4281 s
305 4215 451 4284 Sositheo
479 4217 606 4299 rogatos
629 4212 837 4300 Araphenam
863 4213 899 4277 in
924 4235 1043 4301 pagum
1066 4213 1301 4286 Atheniensem
1322 4213 1460 4293 venisse,
1494 4215 1550 4280 ubi
1573 4214 1640 4301 agri
1662 4213 1812 4301 Hagniae
1835 4219 1955 4291 essent,
1989 4233 2069 4298 quos

205 4341 429 4426 Theopompus
449 4335 571 4425 judicio
596 4337 782 4424 accepisset,
815 4343 847 4402 et
868 4335 985 4402 vidisse
1009 4338 1095 4403 oleas
1118 4337 1152 4402 in
1175 4337 1214 4402 iis
1238 4337 1413 4425 exstirpari.

364 4482 384 4560 ἕ
410 4480 460 4543 14.
506 4479 553 4545 Ut
572 4477 641 4564 jam
661 4477 853 4543 sententiam
876 4501 981 4543 meam
1001 4478 1040 4542 de
1063 4478 1252 4544 testimoniis
1272 4478 1382 4566 paucis
1402 4478 1593 4566 complectar
1613 4503 1658 4557 ea,
1683 4501 1876 4564 quamquam
1895 4477 2068 4565 nonnullas

204 4603 375 4680 exhibent,
412 4601 616 4668 difficultates
647 4607 755 4666 tamen
785 4600 924 4688 genuina
951 4601 1097 4666 habenda
1124 4598 1191 4667 csse
1219 4624 1340 4668 conseo.
1400 4600 1604 4689 Oomuptelas
1633 4607 1740 4668 autem
1766 4621 1915 4686 magnam
1945 4605 2069 4686 partem

365 4883 385 4953 ¹)
423 4885 494 4938 Dicit
511 4885 530 4936 l.
552 4901 575 4937 c.
596 4902 657 4952 pag.
679 4887 731 4938 1oo
758 4885 791 4938 da
810 4902 838 4940 er
862 4883 1018 4954 (falsarius),
1046 4885 1093 4937 wie
1111 4901 1140 4938 es
1157 4885 1207 4938 den
1225 4884 1358 4938 Anschein
1379 4885 1437 4952 hat,
1465 4885 1537 4937 nicht
1556 4885 1651 4938 einmal
1669 4885 1720 4937 viel
1742 4883 1823 4936 uther
1841 4881 1958 4951 llegende
1975 4880 2068 4937 Holfs-

204 4973 287 5026 mittel
313 4973 356 5026 fur
380 4973 470 5027 seinen
488 4972 580 5026 Zweolr
605 4973 726 5028 benutate
752 4973 805 5025 und
831 4973 996 5041 anebontem,
1027 4973 1073 5026 wir
1096 4973 1199 5026 melnen
1225 4973 1266 5026 dis
1291 4973 1331 5027 ost
1352 4973 1483 5027 eruthnte
1505 4971 1577 5026 Reda
1602 4971 1648 5026 des
1672 4972 1762 5026 Issam
1787 4972 1851 5024 uber
1868 4970 1910 5024 die
1928 4971 2072 5025 Erbsohsst

205 5061 250 5114 des
270 5061 398 5128 Hagnios.
