4638 5644
1121 204 1173 282 13

140 449 144 454 ’
211 453 456 520 Beredoamkoit
478 455 517 519 Π
538 479 609 542 pag.
636 456 699 520 531
725 459 758 520 et
780 455 846 532 ΠΙ,
874 455 902 532 1,
927 477 998 541 pag.
1022 425 1098 534 491,
1130 455 1312 522 Sohomann
1336 456 1376 520 ad
1399 456 1479 522 Isao.
1505 479 1575 543 pag.
1601 457 1667 522 452
1691 457 1898 544 collegerunt,
1932 458 1984 526 hio
2007 457 2077 528 sino
2154 517 2157 524 .

212 575 309 642 dubio
331 599 390 664 pro
414 581 499 642 corto
523 577 620 642 statui
642 601 708 642 non
731 581 845 664 pomot.
885 578 1055 642 Assentior
1078 583 1186 643 tamon
1208 578 1496 656 F1idoriooBloos,
1522 579 1577 665 qui
1599 580 1738 646 maximo
1757 605 1796 648 ox
1818 587 1907 669 parto
1923 579 2078 648 Corolum

212 698 251 765 do
278 699 367 765 Boor
395 707 521 766 secutus
551 725 694 768 caussam
721 701 756 766 in
779 701 991 766 Mooortatum
1018 723 1101 766 anno
1132 701 1353 766 trecentesimo
1377 700 1617 787 quadmgosimo
1645 705 1747 790 primo
1775 707 1827 772 vol
1849 707 1950 772 altero
1973 710 2078 772 aotam

213 845 281 888 osso
308 829 426 889 oenoot.

370 951 390 1027 ξ
416 948 464 1012 10.
511 947 590 1012 Jom
613 943 738 1013 tmusoo
763 949 803 1013 ad
825 948 965 1034 quinque
989 969 1070 1033 quae
1092 951 1269 1032 sequuntur
1290 945 1474 1012 testimonio
1495 948 1570 1014 indo
1594 973 1613 1014 a
1634 953 1655 1030 ἕ
1678 951 1730 1014 35.

370 1070 397 1134 Ι.
446 1077 661 1158 Μαρτυροϋσι
692 1074 834 1160 δημόται
864 1071 951 1140 εἶναι
985 1072 1139 1160 Φιλάγρῳ
1169 1073 1216 1161 τιή
1246 1066 1449 1148 Εὐβουλίδου
1479 1083 1581 1160 πατρὶ
1610 1084 1668 1140 aaz
1699 1077 1872 1160 Πολέμωνι
1898 1078 1946 1164 τῶ
1972 1065 2081 1163 πατρῖ

210 1195 258 1282 τῷ
281 1189 406 1275 Ἁγνίου
434 1205 490 1260 καὶ
518 1197 641 1261 εἰδέναι
666 1197 868 1283 Φυλομάχην
895 1197 955 1282 τήν
982 1206 1106 1284 μητέρα
1134 1197 1195 1282 τήν
1219 1191 1420 1272 Εὐβουλίδου
1447 1197 1663 1284 νομιζομένην
1689 1193 1836 1285 άδελφήν
1863 1196 1951 1266 εἶναι
1974 1201 2076 1264 Πολέ-

210 1325 316 1401 μωνος
340 1321 400 1385 τοῶ
422 1320 549 1404 πατρός
571 1322 630 1384 τοῦ
652 1314 778 1401 Ἁγνίου
802 1315 1013 1405 ὁμοπατρίαν
1036 1328 1092 1383 καὶ
1115 1313 1319 1407 όμομητρίαν
1338 1328 1395 1384 ιιαῖ
1414 1320 1552 1403 μηδενός
1572 1317 1703 1388 πώποτ’
1723 1316 1864 1390 οἷιιοῶσαι
1885 1316 1929 1397 ῶς
1948 1331 2074 1402 γένοιτο
2182 1344 2187 1352 ·

212 1436 354 1526 α’δεδςοδς
377 1443 551 1524 Πολέμωνι
573 1444 621 1530 τηῖ
643 1438 779 1523 Ἁγνίου.

370 1562 408 1626 II
431 1565 464 1644 (β
487 1563 553 1642 36.)
600 1569 835 1652 Μαρτυροῦσιν
861 1565 1050 1650 Οἰνάνθην,
1081 1565 1142 1652 τήν
1170 1573 1295 1649 μητέρα
1326 1567 1386 1630 τοῦ
1416 1565 1560 1632 πάππου
1592 1568 1651 1632 τοῦ
1681 1569 1812 1633 ἑαυτῶν
1835 1568 2073 1656 Στρατωνίδου,

211 1683 361 1778 άνεψιάν
384 1685 471 1753 εἶναι
494 1687 530 1753 ἐκ
553 1687 797 1775 πατραδέλφων
817 1690 988 1774 Πολέμωνι
1010 1689 1058 1775 τῶ
1080 1697 1182 1775 πατρὶ
1205 1689 1252 1774 τῶ
1270 1683 1396 1769 Ἁγνίου
1412 1697 1471 1752 ιιαὶ
1490 1682 1623 1754 αἰιοδειν
1641 1692 1700 1754 τοῦ
1718 1690 1845 1777 πατρός
1868 1694 1928 1758 τοῦ
1944 1694 2076 1758 ἑαυτῶν

210 1805 263 1875 ότι
286 1811 457 1894 Πολέμωνι
481 1806 623 1895 άδελωός
646 1806 750 1886 οόδεῖς
773 1820 898 1893 γένοιτο
923 1812 1067 1883 πάποτε,
1093 1813 1140 1898 τῶ
1163 1819 1265 1897 πατρὶ
1291 1813 1338 1898 τῶ
1360 1805 1496 1892 Ἁγνίου,
1524 1805 1649 1897 άδιλωή
1677 1813 1713 1877 δὲ
1739 1813 1920 1899 Φυλομάχη
1947 1808 2075 1898 όμοπαι

210 1945 284 2020 τρία
308 1943 365 1998 καὶ
388 1930 584 2024 όμομητρία,
609 1930 631 2021 ή
653 1935 757 2022 μήτηρ
780 1929 803 2020 ή
825 1929 1027 2012 Εόβουλίδου
1050 1936 1109 1999 τοῦ
1133 1933 1258 2021 πατρός
1282 1936 1338 2018 τῆς
1364 1934 1565 2020 Φυδυμάχης
1587 1937 1643 2020 τής
1667 1941 1837 2001 Σωσιθέου
1860 1936 2024 2016 γυναικός.

370 2057 435 2120 III.
484 2065 658 2146 Μαρτυρεῖ
680 2058 832 2144 συγγενής
855 2055 942 2123 υλναι
965 2067 1022 2122 καὶ
1045 2056 1173 2144 φράτηρ
1197 2065 1253 2122 καὶ
1276 2056 1417 2142 δημότης
1440 2053 1549 2144 Ἁγνίᾳ
1574 2066 1630 2122 καὶ
1653 2051 1837 2155 Εὐβουλίδη
1860 2067 1917 2124 καὶ
1940 2053 2076 2126 άτοόιιν

210 2183 270 2246 τοῦ
301 2181 427 2267 πατρός
459 2185 518 2248 τοῦ
540 2183 670 2248 ἑαυτῶν
702 2191 759 2248 καῖ
790 2183 857 2247 τῶν
890 2175 1000 2246 άλλων
1031 2181 1195 2260 συγγενῶν
1224 2175 1276 2246 ότι
1303 2174 1444 2264 α’δτλφός
1472 2175 1576 2255 οδδεῐς
1605 2179 1731 2261 ἐγένετο
1761 2183 1809 2269 τῶ
1832 2181 2006 2266 Πολέμωνι
2028 2183 2076 2269 τῶ

210 2313 312 2392 πατρὶ
335 2305 383 2391 τῶ
405 2298 541 2384 Ἁγνίου,
566 2299 691 2390 α’δελφή
715 2299 932 2391 δ’δμοπατρία
955 2313 1011 2369 καλ
1031 2298 1215 2391 όμομητρία
1242 2303 1422 2389 Φυλομάχη
1444 2298 1466 2388 ή
1486 2302 1590 2391 μήτηρ
1611 2297 1634 2389 ή
1654 2297 1857 2381 Εάβουλίδου
1877 2305 1937 2369 τοῦ
1949 2305 2076 2391 πατρός

214 2426 413 2513 Φυλομάχης
436 2429 492 2513 τής
516 2434 686 2496 Σωσιθέου
708 2429 874 2510 γυναιιιός.

370 2547 421 2614 IV
451 2551 485 2630 (ὅ
507 2550 572 2631 37).
621 2559 796 2639 Μαρτυρεῖ
817 2553 962 2618 πάππον
984 2550 1071 2619 εἶναι
1095 2554 1218 2618 ἑαυτοῦ
1240 2546 1426 2636 Ἀρχίλοχον
1449 2559 1505 2616 καὶ
1528 2549 1738 2635 ποιήσασθαι
1762 2549 1884 2617 έαυτδν
1906 2550 1993 2625 υλόν,
2017 2557 2075 2614 καὶ

210 2669 298 2738 εἶναι
317 2668 422 2738 αὐτόν
439 2677 576 2760 συγγενῆ
588 2676 760 2758 Πολέμωνι
783 2679 831 2764 τῶ
850 2685 952 2763 πατρί
966 2678 1013 2762 τῶ
1031 2669 1167 2756 Ἁγνίου,
1193 2682 1249 2739 καὶ
1268 2668 1401 2740 άιιοόειν
1413 2669 1603 2760 Ἁρχιλόχου
1621 2683 1678 2737 καῖ
1696 2675 1762 2740 τῶν
1784 2667 1895 2739 ἄλλων
1912 2673 2076 2754 συγγενῶν

210 2789 262 2860 ότι
295 2789 436 2877 άδεληδς
470 2790 575 2872 οὐδεὶς
609 2795 739 2864 πώποτ’
761 2799 887 2880 ἐγένετο
917 2799 1090 2882 Πολέμωνι
1121 2799 1168 2884 τῶ
1196 2805 1297 2883 πατρὶ
1329 2799 1376 2884 τῶ
1401 2792 1547 2877 Ἁγνίου,
1585 2789 1709 2882 άδελςοή
1740 2791 1769 2860 δ’
1797 2791 1987 2882 δμοπατρία
2018 2802 2075 2859 καὶ

208 2912 394 3003 δμομητρία
421 2920 602 3005 Φυλομάχη
632 2915 654 3006 ή
680 2921 785 3009 μήτηρ
810 2916 834 3008 ή
855 2915 1057 2996 Εόβουλίδου
1087 2923 1147 2985 τοῶ
1170 2920 1296 3006 πατρός
1323 2921 1379 3002 τῆς
1407 2918 1604 3004 Φυλομάχης
1631 2922 1688 3004 τῆς
1712 2923 1882 2984 Σωσιθέου
1909 2917 2073 2999 γυναικός.

369 3039 410 3106 V·
458 3050 633 3132 Μαρτυρεῖ
660 3045 719 3111 τδν
749 3053 880 3134 πατέρα
908 3047 964 3129 τῆς
992 3044 1114 3109 ἑαυτοῦ
1143 3041 1298 3122 γυναικός
1323 3041 1566 3128 Καλλίστρατον
1593 3035 1739 3130 άνεψιδν
1769 3037 1857 3106 εἶναι
1884 3041 1920 3106 lx
1947 3065 2075 3126 πατρα-

209 3163 337 3247 δέλφων
360 3166 533 3249 Πολέμωνι
559 3170 607 3254 τῶ
634 3176 736 3253 πατρὶ
762 3169 810 3255 τῶ
837 3163 963 3248 Ἁγνίου
991 3175 1047 3230 καῖ
1075 3164 1256 3252 Χαριδήμῳ
1287 3168 1333 3254 τῶ
1361 3174 1463 3252 πατρὶ
1486 3167 1533 3252 τῶ
1558 3163 1774 3250 Θεοπόμπου,
1806 3164 1867 3249 τήν
1890 3162 1925 3228 δὲ
1947 3171 2074 3252 μητέρα

208 3286 269 3372 τήν
292 3290 413 3379 ἑαυτοῦ
437 3283 584 3376 α’νεψιοῶ
607 3289 715 3355 παῖδα
739 3287 826 3356 εἶναι
849 3290 1036 3373 Πολέμωνι,
1069 3296 1125 3353 καὶ
1153 3288 1258 3368 λέγειν
1284 3289 1344 3374 τήν
1370 3297 1496 3375 μητέρα
1522 3289 1583 3374 τήν
1610 3281 1722 3354 αδτῶν
1745 3286 1827 3372 πρδς
1852 3280 1973 3361 αδτοδς
1997 3287 2074 3350 πολ·

209 3408 302 3485 λάκις
325 3405 376 3476 ότι
403 3413 584 3499 Φυλομάχη
607 3408 630 3499 ή
651 3413 756 3499 μήτηρ
778 3407 801 3498 ή
823 3407 1025 3490 Εάβουλίδου
1049 3405 1174 3496 άδελωή
1202 3405 1243 3497 ήν
1266 3411 1460 3495 Πολέμωνος
1487 3415 1545 3477 τοῦ
1569 3411 1693 3499 πατρός
1716 3413 1775 3476 τοῦ
1798 3404 1924 3492 Ἁγνίου
1947 3404 2075 3492 όμοπα·

207 3544 283 3618 τρία
307 3544 364 3597 καὶ
386 3529 581 3620 δμομητρία,
606 3545 662 3601 καὶ
685 3531 736 3601 ότι
760 3529 901 3620 άδεληιδς
925 3529 1029 3610 οδδεῐς
1052 3534 1188 3599 πιόποτε
1210 3543 1334 3615 γένοιτο
1359 3536 1531 3619 Πολέμωνι
1553 3536 1601 3622 τῶ
1624 3543 1726 3622 πατρὶ
1748 3535 1796 3622 τιή
1819 3528 1954 3614 Ἁγνίου.

370 3653 488 3717 Omnia
510 3654 752 3740 Phylomoohen
778 3678 920 3722 sororem
942 3654 1128 3720 Polemonis
1155 3655 1267 3720 eodem
1294 3659 1383 3741 patre
1407 3656 1579 3741 eodemque
1607 3659 1707 3720 matre
1734 3661 1843 3720 notam
1865 3651 1963 3718 fuisso
1986 3652 2074 3718 tosti-

209 3776 360 3854 fioantur,
399 3777 557 3860 quomodo
589 3766 685 3844 vorbo
716 3779 849 3844 oratorio
882 3801 962 3863 quae
994 3777 1187 3843 antecedunt
1219 3775 1441 3862 άναγίγνωσιιι
1472 3781 1533 3857 τάς
1562 3792 1744 3870 μαρτυρίας
1776 3780 1838 3856 τάς
1872 3772 2075 3856 δπολοίπους

210 3902 340 3990 πρῶτον
358 3905 419 3986 μέν
436 3897 487 3966 ότι
505 3897 528 3988 ή
548 3904 729 3992 Φυλομάχη
746 3899 773 3998 η(ι
785 3907 845 3970 τοῦ
860 3898 986 3985 Ἁγνίου
1004 3909 1102 3988 τηθὶς
1126 3898 1250 3988 άδελφή
1274 3897 1316 3990 ήν
1339 3897 1529 3990 δμοπατρία
1552 3913 1609 3968 καλ
1629 3898 1813 3990 όμομ-ητρία
1833 3904 1881 3991 τῶ
1901 3905 2076 3988 Πολέμωνι

208 4025 255 4112 τῶ
277 4019 403 4105 Ἁγνίου
427 4037 534 4112 πατρί
553 4025 724 4109 postulant.
779 4023 951 4088 Praetereo
973 4029 1080 4088 autem
1107 4029 1203 4088 tostos
1227 4023 1361 4100 addunt,
1394 4047 1427 4088 so
1451 4021 1763 4088 audivissoiratrom
1784 4022 1970 4088 Polemonis
1993 4047 2075 4088 nun·

209 4167 305 4228 quam
328 4144 494 4210 exstitisse.
542 4145 609 4210 Our
631 4146 691 4210 hoo
714 4145 861 4210 addunt?
906 4146 948 4210 In
971 4145 1113 4210 oratione
1137 4145 1266 4230 quidem
1293 4143 1399 4210 fratiis
1423 4145 1607 4211 Polemonis
1635 4144 1755 4210 montio
1779 4145 1911 4209 omnino
1938 4169 2003 4210 non
2026 4149 2072 4213 fit.

210 4265 284 4350 Qua
306 4290 340 4332 ro
362 4275 539 4334 oommotus
562 4270 827 4334 Westormonnus
850 4267 870 4332 l.
885 4292 911 4334 o.
936 4291 1007 4354 pog.
1028 4267 1087 4332 101
1114 4291 1180 4353 sqq.
1206 4267 1302 4333 otiam
1325 4270 1403 4334 haee
1426 4267 1609 4333 testimonia
1631 4268 1771 4354 genuino
1794 4293 1862 4334 osse
1885 4275 1981 4355 nogat
2000 4293 2073 4335 oon·

205 4387 340 4476 jioitquo
363 4389 527 4456 falsarium
550 4392 605 4478 qui
628 4392 685 4457 illa
708 4390 921 4478 composuerit
942 4378 1046 4455 vorbis
1070 4389 1202 4455 oratoris
1226 4390 1260 4454 in
1283 4395 1302 4472 ξ
1327 4393 1369 4456 29
1399 4394 1596 4478 Θεόπομπος
1628 4389 1677 4458 δ’ὁ
1698 4404 1828 4460 τουτουὶ
1854 4397 1965 4485 πατήρ
1996 4400 2073 4461 Μα-

208 4514 374 4602 καρτάτου
397 4510 456 4581 miz
483 4513 531 4584 ῶν
556 4520 616 4584 τοῦ
638 4521 728 4583 οἴκου
754 4518 814 4615 mii
836 4511 977 4598 Ἁγνίου,
1009 4516 1175 4604 ἐψεύσατο
1204 4517 1285 4603 πρός
1312 4517 1387 4593 τούς
1415 4517 1571 4594 δικαστάς
1596 4511 1821 4603 δπερμέγεβτς
1848 4517 1970 4605 ψεῦδος
1998 4523 2078 4606 περί

207 4663 243 4703 τε
269 4641 326 4726 τής
352 4640 551 4727 Φυλομάχης
577 4643 634 4728 τῆς
664 4642 723 4707 τοῦ
746 4642 941 4726 Πολέμωνος
972 4633 1115 4726 άδεληιής
1144 4639 1280 4725 τηθίδος
1309 4639 1337 4704 δ’
1360 4634 1502 4722 Ἁγνίου,
1536 4635 1587 4706 ότι
1610 4635 1670 4706 otiu
1696 4633 1738 4727 ήν
1760 4641 1808 4729 τῶ
1830 4642 2003 4724 Πολέμωνι
2025 4643 2074 4732 τῶ

208 4762 267 4825 τοῦ
290 4757 415 4843 Ἁγνίου
437 4767 502 4828 oio?
518 4758 708 4850 όμοπατρία
726 4772 785 4828 ιιαῐ
807 4757 991 4850 δμομητρία
1011 4756 1148 4848 άδελφή,
1173 4771 1229 4827 καὶ
1248 4761 1354 4828 πάλιν
1373 4764 1649 4853 προςποιοόμενος
1670 4765 1730 4829 τοδ
1749 4757 1856 4829 mito&
1876 4765 1966 4830 οἴκου
1984 4761 2073 4830 εἶναι

208 4876 319 4970 Ἁγνίηι
343 4880 364 4948 ό
385 4880 599 4951 οόδεπῶποτε
620 4885 812 4970 γενόμενος,
848 4886 885 4946 ut
907 4879 1038 4947 fiotrem
1060 4881 1246 4948 Polemonis
1273 4884 1422 4970 fingeret,
1458 4890 1653 4950 oommotum
1675 4905 1752 4949 osso.
1810 4881 1967 4948 Attamen
1993 4885 2072 4951 haeo

210 5002 342 5068 oratoris
374 5007 471 5070 verbo
502 5005 627 5071 efficere
659 5005 818 5093 potuisse,
860 5011 898 5070 ut
929 5005 1076 5072 falsarius
1106 5005 1162 5071 ille
1195 5005 1230 5070 in
1259 5007 1452 5074 sententiam
1485 5006 1657 5086 incideret,
1698 5006 1943 5094 Theopompum
1974 5005 2072 5072 fratre
