4638 5644
1167 10 1194 94 l

1097 233 1151 313 31

194 493 413 558 cuszuatotten
435 469 678 578 pudon'sein
700 486 822 552 collon:
857 483 1013 551 Referent
1034 487 1091 551 hat
1112 483 1148 550 in
1171 483 1250 552 arrei
1272 483 1497 570 Exemplaren,
1525 483 1608 550 nach
1630 483 1775 550 welchen
1797 504 1832 548 ar
1854 479 1940 550 diese
1962 481 2054 550 Rode

193 614 230 682 in
253 613 333 680 arrei
354 612 603 678 verschiedenen
625 607 742 676 Zeiten
764 609 893 696 gelescn
915 609 981 689 hat,
1004 608 1177 675 beidcsmel
1201 630 1243 673 an
1263 606 1325 673 den
1344 605 1440 672 chd
1462 604 1668 693 gesohricben
1688 609 1736 697 aqi
1755 611 1809 676 ἑνί
1827 604 1880 672 fur
1901 609 1949 698 σοή
1967 617 2055 691 γένει

195 709 262 804 und
290 759 326 804 eo
358 736 447 817 (oder
468 738 516 826 aqi
538 742 571 820 γ’
593 739 658 811 ἔνι)
690 733 810 798 lautete
838 733 920 798 auch
947 731 1061 818 gewiss
1088 731 1144 798 dae
1173 727 1306 809 (deceta,
1342 729 1414 796 dass
1444 727 1479 794 in
1509 729 1658 816 geradem
1682 725 1864 815 ngensctz
1892 729 1954 796 ruit
1980 731 2054 798 denr

195 857 479 945 vorhergehenden
500 857 610 936 Folle,
645 877 741 922 wann
769 855 914 922 mehrere
936 877 1024 920 arnw
1053 855 1222 944 λπικληροι
1247 852 1433 918 vorhanden
1455 851 1525 918 sein
1547 852 1680 932 sollten,
1715 851 1769 918 ein
1791 851 1952 919 einzelnen
1973 853 2055 922 Ver·

196 981 340 1050 wandter
362 979 415 1048 nie
437 981 538 1060 mehr,
562 979 610 1046 als
631 977 703 1044 eine
722 977 887 1044 dereelben
910 981 1127 1042 ammetatten
1149 976 1296 1042 brouche.
1349 962 1435 1042 Uber
1457 973 1478 1042 δ
1501 975 1548 1054 εἷς
1571 976 1669 1062 vcrgl.
1693 975 1777 1041 Plat.
1802 973 1882 1041 (hit.
1906 999 1977 1064 pag.
1998 977 2052 1058 48,

196 1105 239 1171 A.
264 1103 417 1192 Xenoph.
442 1103 539 1168 Mem.
554 1101 653 1170 socr.
677 1101 743 1180 111,
769 1101 821 1179 14,
845 1101 865 1165 6
888 1099 1055 1186 Aristoph.
1078 1098 1215 1186 Lysistr.
1239 1123 1270 1164 v.
1296 1099 1369 1164 724.
1394 1135 1437 1146 -
1463 1096 1560 1164 Hanc
1582 1097 1797 1186 conjecturam
1819 1098 2059 1185 sagacissimam
2131 1157 2132 1160 ,

195 1230 243 1319 σᾷ
265 1223 301 1310 r'
323 1231 376 1296 ἑνί
402 1245 497 1310 quam
525 1223 728 1313 cupidissime
755 1222 888 1310 arripio,
924 1221 1042 1310 quippe
1071 1244 1152 1308 quac
1181 1221 1279 1288 verba
1306 1220 1387 1307 legis
1418 1225 1513 1288 anteo
1539 1221 1672 1288 obscura
1698 1243 1763 1288 una
1791 1225 1918 1288 tanturn
1946 1223 2055 1292 littera

197 1348 313 1416 onrieaa
334 1350 421 1414 clara
442 1353 476 1414 et
496 1346 664 1435 perspicua
684 1346 805 1414 reddat.
843 1343 1015 1412 Praeterea
1033 1351 1141 1411 autern
1161 1345 1259 1410 rerba
1280 1341 1368 1412 άλλά
1388 1345 1447 1414 σδν
1468 1344 1633 1428 ἰνγάσασα
1653 1345 1704 1411 δεῖ
1721 1345 1888 1414 ἐκδιδόναι
1907 1344 1930 1435 ἢ
1949 1343 2055 1418 odedu

195 1473 285 1558 ἔχειν
316 1446 495 1538 icnlrium
527 1471 549 1536 l.
573 1493 599 1537 c.
633 1476 760 1538 mentae
792 1491 809 1536 c
839 1472 930 1534 textu
961 1468 1174 1534 submoveam.
1232 1467 1320 1534 Nam
1351 1471 1384 1533 et
1415 1487 1649 1553 supervacanea
1679 1465 1845 1553 alienaque
1878 1492 1898 1534 ο
1926 1467 2054 1536 Solonis

195 1593 351 1660 brevitate
381 1599 457 1660 eunt
484 1599 518 1660 et
545 1592 789 1680 explicationem
815 1591 962 1687 redolent
987 1579 1229 1658 adlectionem
1260 1588 1375 1656 falsam
1403 1592 1451 1680 aqi
1478 1599 1566 1672 γένει
1592 1611 1707 1674 vagam
1738 1611 1815 1656 sane
1842 1596 1875 1657 ot
1901 1591 2055 1680 interpre-

196 1715 352 1785 tationem
374 1714 607 1782 desiderantem
629 1715 828 1802 adscriptam.
876 1713 980 1780 Tertu
1001 1714 1063 1780 hoc
1084 1713 1178 1780 modo
1201 1711 1348 1780 restituto
1374 1710 1457 1778 nihil
1480 1710 1621 1798 ambigui
1643 1710 1842 1798 relinquitur.
1889 1715 1956 1781 Uni
1980 1737 2055 1802 ergo

197 1839 266 1906 viro
295 1860 361 1904 non
390 1859 518 1904 neccsse
545 1844 614 1904 crat
641 1838 750 1926 plures
779 1859 844 1904 una
873 1837 1027 1903 collocare
1060 1843 1116 1902 aut
1147 1835 1270 1902 ducere.
1329 1833 1366 1902 Si
1396 1833 1495 1921 igitur
1524 1855 1608 1900 unns
1640 1839 1766 1902 tanturn
1796 1857 1836 1900 cr
1866 1837 2055 1924 propinquis

196 1967 367 2049 supererat,
392 1983 458 2026 una
478 1965 605 2026 tanturn
627 1959 694 2026 filia
715 1958 907 2026 hereditario
928 1960 1036 2026 dotem
1058 1957 1232 2045 accipiebat
1254 1961 1287 2021 et
1309 1955 1447 2043 quidem,
1471 1963 1508 2024 ut
1528 1955 1702 2024 verisimile
1724 1963 1786 2035 est,
1814 1959 1954 2026 maxim
1975 1965 2053 2027 natu

196 2107 321 2164 earum,
353 2106 434 2170 quae
461 2082 605 2148 nondum
633 2087 816 2170 nupserant.
868 2081 1026 2167 Reliquae
1049 2087 1156 2147 autem
1179 2085 1235 2146 aut
1256 2079 1339 2146 nihil
1366 2085 1422 2146 ant
1444 2103 1483 2146 ax
1505 2079 1626 2145 aerario
1654 2079 1781 2167 publico
1803 2081 1926 2168 aliquid
1955 2082 2054 2171 impe·

196 2205 329 2273 καιίεεε
356 2204 514 2272 videntur.
554 2203 780 2276 curreutes.
804 2202 940 2270 Aristid.
968 2209 1030 2290 opt.
1056 2203 1108 2269 27.
1144 2241 1187 2250 -—
1222 2202 1259 2271 Si
1289 2201 1461 2290 propinqui
1492 2201 1556 2289 legi
1587 2225 1654 2269 non
1685 2202 1900 2284 satisfaciunt,
1935 2207 2055 2274 archon

197 2332 409 2416 (cponyrnue)
443 2349 497 2394 eos
531 2327 635 2414 cogito
669 2333 726 2392 aut
752 2327 866 2392 ducere
892 2331 949 2394 ant
976 2326 1146 2406 collocare,
1182 2327 1267 2413 quod
1296 2327 1324 2393 si
1353 2350 1417 2392 non
1445 2324 1571 2405 fecerit,
1600 2326 1717 2392 archon
1739 2324 1807 2412 ipse
1830 2325 1944 2394 dehent
1964 2328 2054 2397 mille

198 2451 363 2518 drachmas
390 2447 525 2515 Junoni.
561 2487 604 2496 -
637 2449 680 2514 In
710 2450 812 2516 tutela
838 2447 925 2514 enirn
946 2448 1087 2515 Junonis
1110 2450 1218 2517 omnia
1239 2455 1348 2530 erant,
1384 2471 1464 2536 quae
1487 2448 1528 2514 ad
1550 2447 1754 2516 matrimonia
1775 2449 1985 2536 pertinebant.
2010 2489 2053 2500 -

197 2571 279 2660 Ejus
301 2577 422 2652 autern,
451 2569 562 2659 quiet
590 2571 718 2659 nuptias
741 2577 774 2636 ct
796 2571 904 2638 dotem
932 2572 1102 2652 recusavit,
1131 2594 1249 2638 nomen
1271 2571 1416 2640 archonti
1438 2569 1576 2650 deferre,
1612 2568 1713 2637 cuivis
1742 2570 1858 2638 licebat
1880 2577 1913 2639 et
1937 2571 2000 2640 civi
2023 2578 2055 2640 ct

196 2693 363 2782 peregrino
386 2716 490 2780 neque
513 2693 700 2782 sponsione,
735 2717 815 2780 quae
836 2694 872 2760 in
894 2693 966 2760 aliis
993 2693 1102 2762 litibus
1128 2694 1328 2762 hereditariis
1350 2695 1569 2782 postulabatur
1600 2693 1647 2776 (in
1669 2694 1802 2760 Macart.
1826 2697 1847 2780 g
1871 2695 1942 2779 16),
1975 2718 2054 2783 opus

198 2821 266 2882 erat
295 2814 334 2880 of.
358 2816 440 2882 Isao.
470 2823 548 2884 orat.
572 2817 630 2882 [Π
659 2820 679 2898 ἕ
701 2819 745 2884 46
773 2823 805 2883 ot
832 2817 886 2884 47.
942 2816 995 2883 Dc
1022 2818 1254 2904 significatione
1280 2818 1370 2884 verbi
1397 2814 1607 2907 άπογράφειν
1635 2815 1674 2883 of.
1699 2841 1729 2882 v.
1754 2817 1784 2882 d.
1809 2817 1848 2882 de
1870 2816 1959 2883 Boor
1980 2818 2002 2883 l.
2027 2841 2053 2886 c.
2094 2893 2096 2898 ¹

197 2961 268 3026 pag.
288 2938 360 3004 114.
408 2936 530 3004 Caussa
550 2945 667 3018 autem,
692 2961 773 3024 quae
791 2945 901 3006 contra
921 2939 1146 3029 propinquum,
1170 2941 1225 3026 qui
1247 2907 1350 3026 neque
1374 2962 1432 3007 sua
1453 2944 1564 3027 sponte
1587 2961 1690 3024 neque
1713 2940 1752 3006 ab
1775 2940 1927 3006 archonte
1946 2939 2055 3028 jussus

197 3061 280 3128 hanc
308 3061 412 3146 legem
442 3061 644 3139 observabat,
676 3060 916 3143 instituebatur,
951 3065 1062 3155 γραφή
1088 3063 1258 3138 κακάσειος
1290 3061 1342 3144 (cf.
1367 3062 1555 3149 Harpocrat.
1585 3084 1609 3127 ε.
1633 3085 1663 3128 v.
1687 3062 1873 3140 κακάσεας)
1897 3068 1981 3143 erat,
2015 3063 2055 3130 ds

198 3205 263 3270 qua
284 3189 385 3270 agunt
405 3183 508 3250 Meier
529 3182 597 3250 und
620 3182 802 3250 Schtmann
824 3185 846 3248 l.
870 3207 896 3250 c.
920 3207 992 3271 pag.
1018 3185 1092 3250 287.

872 3377 894 3478 ε
922 3375 988 3458 rs.
1042 3377 1107 3460 oe
1134 3375 1231 3478 rege
1258 3380 1280 3481 ε
1308 3377 1374 3462 rc.

355 3548 435 3620 Ἐάν
470 3553 502 3618 δ’
535 3552 825 3638 λπιδεδικασμίνου
861 3547 1051 3652 άμφιςβήσή
1082 3557 1141 3622 τοῦ
1177 3556 1295 3643 κλήρου
1327 3550 1349 3643 ἢ
1380 3557 1437 3641 οής
1475 3555 1671 3643 ἐπικλήρου,
1712 3557 1958 3644 προςκαλαίσθιι
1995 3558 2055 3628 σάν

197 3674 486 3762 ἐπιδεδικασμένον
515 3675 598 3764 πρδς
627 3675 687 3742 σάν
710 3668 871 3763 ἄρχουσα,
898 3677 1059 3767 καθάπερ
1082 3677 1139 3744 ἐπὶ
1160 3679 1227 3746 σάν
1251 3671 1362 3745 ἄλλων
1383 3679 1498 3746 δοκοῖσι·
1530 3677 1818 3767 παρακαταβολάς
1840 3677 1873 3743 δ’
1895 3677 1984 3748 εἶναι
2006 3683 2055 3770 sq*

197 3793 470 3884 άμφιςδηοοῦνοι.
504 3796 567 3866 δάν
589 3797 625 3864 δὲ
645 3797 691 3886 μή
716 3798 1015 3885 προςκαλεσάμενος
1038 3800 1286 3888 ἐπιδικάσηται,
1323 3795 1440 3888 άσελής
1462 3800 1557 3870 ἔσται
1578 3795 1601 3887 ή
1622 3800 1813 3868 ἱπιδικασία
1840 3803 1899 3868 τοῦ
1920 3802 2054 3891 κλήρου.

197 3919 260 3988 ἐάν
288 3920 326 3986 δὲ
351 3920 396 4008 μή
421 3914 504 4017 ζήδ
530 3918 804 4006 ἐπιδικασάμενος
833 3923 891 3988 τοῦ
917 3922 1052 4010 κλήρου,
1087 3925 1333 4012 προςκαλείσθοι
1360 3923 1448 3990 κατά
1478 3917 1601 4000 cadrei,
1632 3915 1661 4013 ᾇ
1689 3918 1712 4010 ή
1738 3929 1927 4013 προθεσμία
1953 3925 2055 4011 μήπω

197 4042 307 4140 ἐξήκῃ·
332 4042 393 4128 τήν
416 4041 448 4106 δ’
471 4035 713 4130 άμφιςβήοήσιν
734 4039 822 4110 εἶναι
844 4045 892 4132 aqi
913 4042 1022 4128 ἔχουσι
1034 4043 1068 4126 ¹),
1092 4045 1216 4112 καθότι
1239 4045 1456 4114 ἐπεδικάσατο
1480 4040 1519 4115 od
1542 4043 1586 4140 άν
1608 4046 1667 4143 ἴχή
1690 4046 1733 4112 τά
1757 4044 1927 4135 χρήματα.

355 4161 528 4231 Hereditas
551 4183 710 4248 quaeque,
746 4184 826 4250 quae
854 4184 920 4228 non
942 4163 982 4230 ah
1005 4148 1268 4232 deeoendeutihus
1290 4165 1432 4234 defuncti
1454 4165 1674 4234 vindicabatur
1705 4164 1757 4248 (of.
1786 4167 1868 4236 Isse.
1893 4171 1971 4236 crat.
1995 4167 2055 4236 m

197 4285 276 4366 §59
299 4291 332 4350 et
355 4290 431 4352 orat.
455 4285 546 4354 vm
568 4287 590 4366 ὅ
609 4285 674 4370 34),
699 4289 767 4350 orat
788 4286 945 4366 δπιδικος.
993 4285 1099 4372 Quam
1122 4288 1149 4354 εί
1171 4287 1242 4374 quis
1261 4288 1334 4377 jure
1356 4287 1602 4378 propinquitatis
1624 4294 1681 4358 aut
1702 4293 1893 4356 testamento
1915 4291 2053 4378 potebat,

197 4406 238 4472 ab
266 4404 415 4472 archonte
445 4430 516 4474 enm
544 4407 706 4496 postulare
734 4407 875 4474 debebat.
927 4407 1007 4494 Quo
1029 4409 1113 4476 facto
1136 4433 1250 4498 praeco
1275 4411 1311 4476 in
1334 4409 1482 4478 contione
1505 4435 1594 4492 eum,
1630 4411 1686 4498 qui
1709 4411 1821 4479 codam
1844 4416 1900 4480 aut
1921 4411 2055 4480 meliore

194 4526 268 4614 jure
289 4527 379 4594 nisus
403 4551 497 4614 quam
519 4529 591 4608 ille,
623 4529 679 4615 qui
700 4530 909 4621 hereditatem
931 4533 1161 4620 postulaverat,
1190 4535 1274 4600 bona
1295 4539 1402 4621 petere
1425 4534 1537 4614 vellet,
1568 4555 1686 4601 nomen
1709 4535 1749 4600 ad
1772 4535 1956 4600 archonteru
1979 4534 2054 4601 dare

196 4650 352 4716 invitabat
380 4651 485 4717 verbis
515 4658 549 4720 εἴ
566 4679 613 4732 τις
638 4649 855 4741 άμφιςβήτεῒν
877 4653 899 4742 ή
921 4656 1280 4746 παρακαταβάλλαινῗ)
1310 4659 1467 4736 βούλεται
1489 4660 1549 4724 τοῦ
1570 4659 1689 4747 κλήρου
1710 4663 1771 4728 τοῦ
1789 4709 1898 4724 .....
1922 4655 1944 4745 ἢ
1965 4659 2053 4727 κατά

357 4861 378 4930 ¹)
415 4861 458 4916 Sic
476 4863 616 4916 mothrim
634 4863 747 4919 Bunoan.
768 4866 787 4918 l.
808 4881 831 4918 o.
853 4883 913 4934 pag.
935 4870 978 4920 98.
1017 4867 1165 4936 legebatur
1183 4847 1326 4940 ἄρχοντι.

356 4962 378 5034 ¹)
413 4967 475 5020 Vin
499 4968 637 5022 verborum
661 4948 880 5041 άμφιςδησετν
897 4979 924 5024 ec
941 4957 1264 5045 παρακαταβάλλειν
1288 4971 1396 5026 mrem
1421 4989 1492 5041 erse,
1522 4989 1582 5026 cnm
1605 4989 1689 5042 neqoe
1714 4973 1890 5028 δίειὶιισδοικε
1916 4990 1933 5027 ιι
1956 4973 2055 5028 lexico-
2154 5029 2156 5034 ,

195 5052 302 5121 graphia
319 5069 404 5122 neque
421 5054 483 5108 illae
500 5073 518 5108 a
536 5055 597 5109 viris
615 5055 699 5110 doctis
715 5057 904 5126 hujus-aetatis
922 5058 1008 5114 lacus
1025 5061 1172 5128 probabiles
1189 5061 1249 5129 rint,
1269 5077 1295 5113 v.
1315 5059 1342 5112 d.
1363 5059 1396 5112 de
1413 5059 1484 5114 Boor
1501 5061 1519 5114 l.
1541 5077 1564 5113 c.
1584 5077 1646 5129 pag.
1667 5064 1701 5118 96
1718 5060 1783 5115 milri
1800 5061 1936 5128 messit.

1841 5170 1859 5218 4
